2940 5076
237 376 258 420 ll
597 381 600 387 ’
702 374 897 424 PROOEMIUM.

236 552 423 641 plurimum
442 551 647 617 instructum
659 550 843 640 praeberet
863 556 897 616 et
916 548 1115 617 affluentem
1134 551 1202 618 illis
1223 557 1358 617 senten-

236 659 361 724 tiarum
390 663 448 723 aut
476 657 640 723 orationis
668 684 683 718 «
713 657 919 741 luminibuS,
949 687 964 720 »
1000 681 1088 747 quac
1117 659 1152 722 in
1177 663 1374 747 poctarum

235 766 382 831 inventis
412 787 550 854 semper
576 768 609 830 et
643 765 805 830 unanimo
830 787 1000 831 consensu
1029 765 1227 832 hominibus
1258 766 1360 830 mira-

237 872 321 939 bilia
339 873 412 939 visa
433 876 558 938 essent.
576 870 675 939 Unde
690 871 796 937 fiebat
810 883 847 938 ut
863 896 932 938 non
952 872 1063 940 solum
1084 872 1215 937 licitum
1231 872 1356 961 portia,

237 979 298 1046 sed
319 980 421 1045 etiam
435 982 657 1068 praeceptum
678 979 900 1062 existimaret,
923 1001 1105 1069 excerpere
1126 983 1159 1044 et
1183 979 1358 1067 surripere

237 1108 475 1176 quaecumque
494 1086 529 1151 in
548 1089 705 1152 veterum
725 1086 888 1176 operibus
908 1087 1066 1167 niterent,
1090 1091 1192 1175 atque
1218 1086 1266 1151 ita
1287 1113 1302 1147 α
1324 1086 1359 1150 in

238 1215 337 1264 usum
358 1215 457 1263 suum
478 1201 673 1282 opportuna
692 1191 904 1259 derivatione
933 1198 1132 1273 convertere
1160 1221 1175 1254 n
1197 1215 1239 1258 ne
1261 1192 1360 1282 quid-

238 1323 342 1391 quam
362 1301 490 1390 periret
509 1323 549 1366 ex
578 1300 619 1364 iis
642 1322 730 1389 quae
761 1300 908 1389 pulchra
931 1301 1092 1390 bonaque
1112 1300 1247 1389 priores
1267 1300 1360 1365 invo-

238 1409 398 1476 nissent¹.

283 1515 354 1581 Nec
373 1515 481 1580 multo
501 1535 599 1579 sccus
619 1537 658 1579 ac
676 1513 872 1581 Macrobius
893 1515 964 1580 fere
980 1515 1142 1581 univorsa
1159 1515 1358 1603 antiquitaS,

237 1623 273 1688 ni
292 1623 403 1706 fallor,
426 1622 567 1712 perfecti
585 1627 706 1710 poetae
722 1623 908 1708 imaginem
929 1623 1043 1688 animo
1059 1623 1226 1713 concepit.

282 1729 401 1816 Longe
439 1734 553 1795 autem
587 1729 686 1794 aliter
728 1729 865 1795 videtur
900 1731 1130 1795 recentiorum
1166 1734 1361 1819 temporum

240 1842 273 1904 et
292 1838 439 1903 maxime
459 1836 650 1925 praesentis
677 1837 798 1904 aetatis
824 1842 961 1904 nostrae
982 1837 1191 1903 hominibus.
1223 1837 1360 1926 Quippe

240 1945 385 2035 quinon
406 1948 476 2009 tam
492 1942 691 2009 desiderent
710 1943 832 2009 cadem
853 1943 919 2011 sibi
939 1948 1108 2033 perpetuo
1127 1944 1182 2010 vel
1201 1944 1362 2033 pulcher-

241 2053 329 2118 rima
357 2051 490 2141 reponi,
517 2072 620 2139 quam
649 2050 762 2115 afferri
782 2073 870 2116 nova
891 2058 924 2116 et
942 2051 1108 2117 inaudita.
1132 2051 1245 2116 Pluris
1261 2051 1362 2117 nobis

240 2159 465 2225 aestimantur
485 2158 587 2223 etiam
608 2180 731 2246 pauca,
758 2180 845 2246 quac
866 2157 909 2224 dc
930 2181 1007 2241 suo,
1030 2158 1180 2246 genuina
1199 2159 1361 2224 nimirum

241 2270 274 2332 ct
294 2265 493 2356 peculiaria,
525 2268 626 2354 poeta
655 2263 797 2353 quidam
823 2264 998 2348 extulerit,
1020 2287 1125 2354 quam
1145 2266 1254 2330 multa
1273 2288 1362 2354 quac

241 2372 379 2439 aliunde
399 2371 530 2438 adscita
549 2371 767 2437 arcessiverit
786 2378 999 2439 ornamenta.
1024 2372 1229 2462 Quanquam
1254 2373 1359 2457 vulgo

242 2480 367 2546 dicitur
400 2479 510 2569 poetis
542 2479 617 2544 dari
649 2479 822 2544 licentiam
855 2506 870 2539 κ
902 2501 1002 2545 suum
1038 2479 1277 2569 undecumque
1308 2502 1363 2547 su-

241 2587 406 2668 mendi»,
429 2592 542 2652 tamen
560 2587 667 2652 multo
687 2586 802 2676 potius
820 2585 920 2652 nobis
940 2587 1077 2652 videtur
1097 2588 1126 2652 si
1146 2609 1247 2652 suum
1263 2587 1305 2652 de
1326 2609 1363 2655 sc

241 2696 317 2784 ipso
336 2695 573 2782 unusquisque
592 2693 738 2758 hauriat.
770 2691 876 2779 Cujus
906 2717 987 2759 vero
1006 2695 1141 2760 virtutis
1161 2717 1229 2759 non
1251 2717 1361 2783 acque

242 2808 345 2891 atque
365 2823 428 2867 nos
448 2802 602 2867 curiosos
628 2801 733 2867 tuisse
761 2806 895 2866 veteres
926 2801 1003 2890 ipsa
1030 2801 1217 2867 verborum
1244 2802 1363 2891 inopia

243 2908 395 2975 declarat
415 2907 540 2998 quibus
560 2930 634 2973 eam
656 2909 870 2995 eloquamur.

285 3016 472 3104 Postquam
498 3015 603 3101 igitur
629 3015 757 3080 saeculi
779 3015 888 3079 nostri
912 3015 1091 3103 philologi,
1117 3017 1153 3082 in
1179 3017 1238 3082 illa
1265 3017 1364 3082 inda-

242 3122 377 3208 gandae
412 3121 575 3191 Aeneidis
605 3122 737 3187 ratione
769 3120 877 3186 multo
906 3122 1048 3187 ulterius
1077 3122 1253 3190 llacrohio
1282 3146 1365 3212 pro-

243 3229 383 3316 gressu,
398 3251 460 3295 nos
478 3229 630 3318 primum
648 3229 772 3295 docent
784 3250 907 3318 poema
919 3228 1006 3294 illud
1022 3252 1089 3295 non
1101 3230 1191 3318 quod
1205 3230 1362 3312 voluerit,

243 3337 442 3427 impellente
461 3335 580 3421 genio,
602 3341 720 3425 pocta,
749 3334 810 3400 sed
832 3334 925 3424 quod
944 3335 1062 3421 jussus
1088 3337 1167 3419 sit³,
1188 3337 1364 3427 inceptum

276 3577 298 3628 l.
318 3596 329 3620 a
347 3576 416 3635 Quod
439 3576 458 3623 si
481 3574 540 3623 haec
555 3574 659 3622 sociatus
676 3577 699 3622 et
713 3587 794 3621 rerum
810 3573 945 3621 communio
965 3575 1044 3635 poetis
1059 3575 1269 3637 scriptoribosque
1287 3576 1365 3623 omni-

244 3650 291 3698 hus
306 3650 370 3696 inter
383 3661 408 3695 se
424 3647 559 3695 exercenda
574 3649 745 3706 concessacst,
762 3644 817 3706 quis
835 3645 913 3691 fraudi
932 3644 1040 3707 Vergilio
1059 3650 1145 3702 vertat,
1163 3647 1182 3693 si
1199 3647 1230 3694 ad
1251 3648 1366 3694 excolen-

244 3721 301 3769 dum
318 3735 344 3768 se
358 3719 478 3781 quaedam
492 3718 522 3766 ab
538 3717 716 3779 antiquioribus
740 3720 863 3763 mutuatus
881 3716 933 3763 sit?
960 3715 1002 3763 Cui
1025 3717 1097 3764 etiarn
1113 3719 1189 3779 gratia
1207 3719 1253 3766 hoc
1268 3719 1365 3765 nomino

245 3791 358 3840 habenda
371 3795 408 3838 est
422 3789 486 3852 quod
502 3788 662 3836 nonnullaab
678 3787 764 3836 illisio
780 3801 842 3849 opus
865 3802 944 3846 suum,
969 3788 1034 3849 qood
1050 3793 1148 3836 aeterno
1164 3804 1302 3836 mansurum
1318 3794 1365 3848 est,

245 3860 415 3909 transferendo
431 3861 487 3908 lecit
503 3874 532 3908 ne
549 3860 646 3908 omuino
661 3858 776 3906 memoria
799 3862 908 3906 veterum
932 3857 1063 3916 deleretur,
1086 3874 1156 3921 quos,
1173 3860 1236 3906 sicut
1250 3872 1366 3920 praesens

246 3947 333 3981 sensus
347 3931 461 3989 ostendit,
478 3946 527 3979 non
541 3931 620 3979 solum
635 3930 754 3993 neglectui
770 3929 940 3977 verumetiam
956 3930 1015 3976 risui
1035 3930 1125 3978 lrabcrc
1138 3931 1187 3992 jam
1199 3930 1332 3991 coepimus,
1354 3949 1365 3973 n

246 4005 272 4054 L.
289 4003 330 4066 Vl,
348 4018 401 4065 cap.
417 4017 435 4051 1.

276 4075 299 4126 2.
318 4075 354 4125 Cf.
378 4074 541 4123 recentiorum
563 4076 776 4122 commentatorum
800 4076 824 4120 et
846 4071 1017 4120 historicorum
1041 4072 1145 4120 indicem
1168 4072 1223 4119 huic
1245 4072 1365 4134 opusculo

246 4148 418 4210 praepositum.

276 4218 300 4269 3.
318 4217 432 4268 Nonnulli
447 4217 510 4265 enim
525 4219 646 4274 asserunt,
661 4215 723 4264 sicut
734 4218 851 4263 memorat
865 4213 1156 4276 Con1norontlntrod.,t.
1173 4214 1201 4274 ll,
1218 4229 1242 4276 p.
1254 4215 1313 4276 mx),
1331 4214 1368 4261 in·

245 4294 340 4352 'ceptam
354 4303 409 4337 csse
426 4303 440 4337 a
456 4287 564 4350 Vergilio
576 4287 711 4336 Aeneidem
726 4306 737 4331 α
754 4289 783 4335 ct
800 4285 842 4335 tlte
855 4285 993 4334 comruund
1009 4287 1041 4348 of
1051 4301 1067 4334 o
1081 4286 1209 4349 superior.
1228 4305 1239 4330 »
1256 4287 1289 4334 lta
1304 4286 1367 4333 enim

246 4362 365 4410 Fonarosn
385 4361 422 4424 (in
437 4360 627 4409 Dissertatione
646 4358 678 4407 de
700 4359 728 4408 P.
745 4357 852 4425 Verpr'lz'i
867 4359 921 4406 vito
936 4360 961 4406 et
980 4357 1141 4406 carminibus
1162 4358 1233 4406 tertio
1251 4357 1367 4405 editionis

247 4448 306 4483 scae
320 4433 435 4482 volumini
446 4432 564 4495 praefixa,
577 4446 602 4494 p.
615 4431 692 4491 xxxv)
703 4444 708 4477 ε
721 4450 732 4475 «
745 4430 783 4478 Ad
793 4430 839 4478 hoc
853 4444 951 4479 carmen
965 4429 1121 4491 pangendum
1133 4430 1212 4478 alieno
1226 4429 1306 4492 potius
1322 4428 1368 4476 im-
