2940 5076
251 324 316 390 102
663 307 943 392 rnns'rosrnmon.

249 523 357 610 prius,
388 520 513 586 deinde
539 523 688 602 Aeneae,
717 523 771 587 cui
798 521 965 610 nupserit,
995 518 1249 608 desponsatam,
1285 517 1370 583 belli

250 649 387 694 causam
409 628 611 694 exstitisse¹.

296 843 343 909 lia
371 841 511 907 demum
538 840 730 907 indubitate
756 841 883 906 scimus
908 840 952 905 ab
977 840 1096 906 alienis
1124 838 1276 905 lontibus
1304 843 1373 904 tra·

248 950 338 1014 xisse
361 948 564 1034 Vergilium.
598 950 649 1014 An
679 971 759 1013 vero
793 948 987 1013 existimare
1014 947 1115 1012 nobis
1142 946 1293 1012 liberum
1320 953 1375 1011 est

249 1056 317 1122 alia
344 1057 487 1145 insuper
511 1056 542 1120 ei
570 1055 788 1147 suppetiisse,
817 1076 907 1143 quae
936 1053 1036 1121 nobis
1065 1053 1248 1144 perierint,
1270 1051 1374 1117 indo-

249 1162 386 1252 lemque
412 1184 639 1253 personarum
663 1161 800 1227 illarum
825 1162 858 1226 in
881 1161 1043 1251 antiquis,
1066 1160 1119 1227 vel
1140 1158 1373 1250 popularibus

247 1269 387 1352 fabulis,
409 1270 463 1335 vel
482 1269 625 1359 poeticis
645 1269 820 1358 operibus,
840 1289 931 1333 nunc
951 1289 1018 1333 non
1039 1264 1296 1356 superstitibus
1323 1266 1374 1331 ita

248 1376 421 1466 depictam
440 1377 545 1443 fuisse
563 1381 600 1442 ut
619 1374 698 1441 inde
719 1373 890 1465 quaedam
910 1375 944 1439 in
972 1396 1073 1440 usum
1099 1395 1198 1439 suum
1225 1363 1373 1439 conver-

248 1489 320 1550 tere
344 1484 518 1573 potuerit?
542 1482 622 1549 Non·
646 1482 807 1572 equidem
831 1481 946 1564 crede,
972 1486 1006 1547 ct
1029 1479 1116 1547 illud
1143 1503 1182 1548 ex
1205 1481 1259 1562 iis,
1283 1502 1372 1570 quas

247 1591 336 1656 inlra
356 1592 587 1681 explicaturus
607 1611 695 1672 sum,
718 1589 842 1655 causis

789 1892 821 1960 ll

291 2103 383 2146 NIHIL
401 2103 543 2146 AMPLIUS
562 2104 604 2147 Du
623 2103 718 2148 HISCE
736 2101 892 2146 PERSONIS
911 2103 1094 2146 VERGILIUM
1112 2103 1154 2145 AB
1173 2102 1326 2156 ANTIQUIS

721 2191 891 2237 accnmssr:

292 2383 341 2450 De
355 2383 489 2470 trojana
504 2385 645 2474 quidem
655 2385 792 2451 Aeneae
807 2408 912 2452 uxore
922 2383 1079 2451 nonnulli
1093 2405 1174 2450 sane
1190 2405 1208 2448 e
1225 2381 1367 2450 Graecis

247 2498 369 2582 poetae
392 2492 497 2557 locuti
518 2493 743 2561 sunt22nu1n
770 2497 884 2559 autem
913 2493 1022 2558 multa
1045 2491 1202 2572 dixerint,
1230 2489 1363 2555 dubito.

244 2597 333 2665 lllud
363 2600 453 2665 enim
482 2606 625 2680 constat,
658 2601 756 2668 sicuti
782 2623 887 2690 supra
914 2598 1231 2680 animadvertimus,
1273 2595 1383 2683 Cycli·

245 2707 333 2795 epici
358 2707 584 2795 scriptoribus
618 2706 703 2773 illud
733 2709 918 2797 praecipue
949 2706 1045 2773 cordi
1080 2705 1208 2771 fuisse³
1229 2724 1300 2771 non
1328 2707 1365 2769 ut

242 2811 388 2879 heroum
419 2818 452 2879 et
478 2813 659 2880 heroidum
684 2835 797 2879 mores
818 2821 1039 2904 mentemque
1064 2812 1235 2882 subtiliter
1254 2810 1365 2901 expri-

243 2926 388 3000 merent,
411 2920 473 2987 sed
500 2927 538 2987 ut
566 2944 671 3011 quam
699 2920 850 3010 plurima
881 2921 972 2987 facta
1003 2941 1108 3009 quam
1134 2919 1363 3009 plurimarum

242 3049 470 3116 personarum
497 3029 531 3094 in
557 3027 785 3094 redundantia
807 3028 910 3094 rebus
930 3032 1090 3118 poemata
1108 3031 1362 3095 coacervarent.

289 3133 424 3215 Quanto
454 3143 568 3200 autem
597 3137 707 3220 magis
730 3135 818 3201 illud
846 3158 904 3202 eos
927 3135 1050 3201 fecisse
1081 3133 1265 3203 verisimile
1298 3136 1360 3212 est,

242 3263 320 3306 cum
346 3241 388 3307 de
413 3243 569 3330 personis
596 3243 766 3330 agebatur
789 3265 890 3331 quae,
918 3244 1005 3308 sicut
1029 3241 1168 3322 Creusa,
1193 3241 1230 3306 in
1255 3239 1362 3328 expli-

243 3347 353 3415 canda
365 3371 481 3414 rerum
495 3349 734 3416 universarum
750 3351 850 3433 serie,
863 3371 986 3440 parum
997 3349 1159 3415 momenti
1169 3348 1315 3416 fuissent
1326 3347 1361 3411 ⁶?

273 3570 294 3619 1.
314 3571 348 3619 De
369 3572 482 3632 Lavinia,
498 3572 549 3622 vid.
566 3573 598 3622 Μ.
617 3572 737 3621 Porcium
754 3574 889 3633 Catonem,
905 3572 969 3636 apud
985 3572 1101 3632 Srevrun,
1117 3572 1140 3619 in
1156 3571 1219 3619 Aen.
1235 3569 1276 3629 Vl,
1292 3569 1358 3619 760:

239 3641 380 3702 Vannousu,
396 3642 429 3692 dc
442 3654 463 3688 ι.
480 3654 508 3698 ι,
522 3659 546 3702 ν,
564 3643 620 3707 144;
640 3645 733 3707 L1vmn,
752 3646 769 3705 l,
785 3659 824 3705 1113
843 3646 1013 3704 Puurancuuu,
1033 3643 1060 3693 V.
1077 3641 1188 3699 Romuli,
1204 3655 1235 3700 11;
1253 3641 1360 3690 Srnnso·

239 3729 300 3774 nun,
315 3713 344 3773 V,
360 3728 399 3773 m,
416 3714 447 3775 23
469 3715 568 3763 Dronrs.
591 3716 683 3776 Herm,
704 3715 727 3775 l,
746 3716 788 3775 59,
811 3716 851 3778 60,
862 3715 901 3775 ol,
917 3716 964 3775 703
985 3717 1120 3771 Aenianum,
1136 3714 1172 3761 De
1193 3715 1250 3763 nat.
1267 3714 1358 3771 anim„

237 3800 273 3844 m,
288 3784 334 3846 16,
351 3786 479 3844 Arrianus,
496 3787 534 3835 De
549 3787 619 3850 Κεφ,
639 3787 655 3844 1,
678 3786 701 3848 1,
717 3801 768 3835 enm
786 3789 873 3847 Fauni,
896 3785 1141 3847 Aborigenumregis
1156 3784 1290 3847 Martisque
1305 3784 1358 3845 tilii,

238 3857 311 3905 filiam
329 3857 404 3905 luisse
419 3859 495 3921 lingit.
510 3886 542 3894 —
556 3858 692 3916 Dronrsms,
709 3859 730 3915 l,
748 3859 791 3920 59,
805 3860 867 3907 duas
883 3858 995 3906 Lavinius
1005 3857 1118 3905 nominat
1137 3873 1142 3906 :
1159 3855 1275 3914 alteram,
1288 3856 1358 3918 nuti,

236 3926 290 3975 Deli
305 3927 400 3976 insulae
414 3930 492 3991 regis,
509 3930 549 3991 (ct.
567 3930 688 3978 Auernum
704 3928 832 3990 Vononen,
849 3930 988 3987 decadem,
1005 3929 1030 3975 in
1047 3927 1153 3991 Oripine
1166 3926 1253 3990 pectis
1267 3940 1356 3975 roma-

235 4013 296 4058 nae,
312 4000 357 4061 ιι),
373 4000 474 4048 alteram
490 4001 569 4048 Latini
585 4002 667 4050 liliam.
683 4028 711 4036 -
730 4001 765 4048 De
783 4002 873 4058 Louna,
889 4000 980 4049 arcadii
997 3999 1104 4047 Evandri
1124 3999 1183 4057 fllia,
1199 4013 1223 4048 v.
1240 3999 1356 4058 Periisse,

214 4122 216 4127 ,
235 4073 302 4119 rdm.
319 4071 414 4134 Myra,
431 4071 462 4130 ll,
479 4071 533 4121 327.
550 4072 597 4135 (cf.
614 4073 694 4131 Diom,
711 4073 729 4134 l,
744 4072 784 4134 32,
799 4072 837 4131 43,
851 4071 911 4135 bb).
1167 4063 1172 4073 ’

265 4142 289 4191 2.
309 4142 344 4190 Cl.
361 4143 465 4190 Tzarzsu
481 4143 516 4192 ad
530 4144 736 4207 Lycophroncm,
752 4143 896 4194 1226-1232.

266 4212 289 4261 3.
309 4213 344 4262 Cl.
362 4213 452 4274 Banon,
469 4219 486 4264 t.
503 4214 532 4273 ll,
548 4230 573 4277 p.
589 4215 678 4276 57-58;
698 4216 806 4276 Cnorssr,
828 4215 941 4264 Histoire
961 4213 992 4263 de
1012 4212 1039 4262 lu
1058 4213 1217 4262 Litteruture
1235 4225 1355 4278 presque,

266 4355 289 4405 l.
309 4356 342 4403 De
358 4357 448 4405 Creusa
463 4358 528 4405 nulla
543 4358 632 4405 mentio
649 4359 673 4406 m
688 4358 752 4420 apud
769 4358 883 4418 (tuimur,
895 4359 998 4406 'l'zsrzru
1014 4363 1037 4406 et
1052 4357 1249 4419 anrruononuu,
1261 4357 1356 4422 quian-

236 4427 304 4490 lique
318 4437 429 4489 poemata
444 4429 467 4475 in
483 4429 601 4491 epitomas
615 4430 731 4492 quasdam
747 4434 899 4481 contraxere.
915 4462 917 4467 ·
