2940 5076
115 342 182 422 <58
452 356 457 367 ’
594 373 671 423 raas
694 371 798 424 aaron.

135 552 227 620 tibus
249 553 421 624 illecebris
447 551 492 618 ἃᾶ
516 573 669 618 amorem
697 553 892 634 seducatur,
914 555 1029 617 tamen
1049 551 1165 641 neque
1186 549 1261 618 sola

136 665 257 751 sponte
278 682 350 744 sua,
373 684 484 750 neque
504 665 574 726 tam
594 661 661 727 cito
681 682 821 727 cessura
840 659 1009 736 videatur,
1029 659 1097 724 nisi
1120 657 1261 725 aliunde

134 767 284 858 impulsa
304 769 358 837 sit.

179 873 255 941 Non
294 896 374 941 sane
413 876 507 963 quod
538 874 644 958 Dido,
684 876 739 941 vel
777 876 880 941 etiam
911 878 1097 963 antequam
1124 873 1260 939 Annam

135 982 248 1065 adeat,
268 976 432 1069 ¹non'jam
457 984 548 1049 ultro
572 982 618 1049 ad
640 982 893 1069 indulgendum
920 1009 935 1044 u
958 983 1086 1072 placito
1109 1009 1124 1043 »
1151 982 1261 1047 amori

62 1175 65 1180 ι
135 1112 256 1156 revera
282 1091 432 1157 inclinet.
455 1089 565 1157 Immo
595 1095 729 1172 contra,
755 1090 864 1156 verba
885 1089 997 1172 illius,
1024 1088 1104 1156 inde
1129 1089 1174 1155 ab
1194 1090 1264 1159 isto*

92 1239 94 1257 2
135 1217 266 1265 versu:

307 1329 337 1383 Si
350 1329 426 1382 mihi
438 1343 498 1382 non
512 1328 612 1382 animo
626 1331 720 1384 fixum
736 1331 953 1395 immotumque
968 1330 1093 1396 sederet,

62 1536 64 1540 ’
135 1561 244 1628 usque
272 1538 317 1605 ἃᾶ
343 1538 577 1606 oratiunculae
606 1540 726 1622 finem,
761 1539 874 1630 potius
905 1537 1058 1627 aliquam
1096 1535 1258 1602 exhibent

138 1673 153 1707 «
183 1647 389 1713 actionem»
419 1669 488 1735 qua
508 1647 583 1736 ipsa
607 1647 660 1713 sui
679 1648 806 1714 amoris
827 1667 967 1712 causam
994 1649 1085 1726 orat,
1113 1648 1256 1734 oratque

134 1755 372 1844 peritissime¹.
394 1753 529 1820 Etenim
548 1753 626 1820 illae
647 1754 743 1845 ipsae
764 1776 899 1835 causae,
922 1774 1007 1843 quas
1029 1751 1127 1818 affert
1142 1756 1180 1818 ut
1199 1773 1257 1817 cu-

134 1861 243 1951 pidati
271 1883 352 1928 suae
382 1860 621 1926 obsistendum
652 1883 728 1928 esse
757 1861 822 1928 sibi
850 1861 917 1950 ipsi
944 1858 1171 1949 persuadeat,
1197 1881 1256 1925 eae
1284 1852 1288 1858 ’

134 1969 273 2034 omniuo
303 1974 381 2034 sunt
410 1989 499 2056 quae
524 1990 592 2034 non
621 1968 734 2057 minus
763 1969 852 2036 bene
882 1968 1015 2057 possint
1042 1966 1256 2033 econtrario

135 2075 240 2163 objici
256 2079 297 2141 ut
309 2077 348 2141 *ei
367 2075 543 2142 concedat.
1202 2078 1205 2083 ’

178 2183 334 2272 Namque
349 2182 427 2249 ideo
447 2184 495 2249 ait
513 2182 558 2249 ad
573 2183 657 2255 alias
677 2185 814 2274 nuptias
829 2183 976 2249 transire
998 2203 1035 2248 se
1053 2181 1160 2266 nolle,
1178 2181 1257 2272 quia

134 2311 260 2380 nempe
281 2290 376 2357 illam

383 2423 497 2488 primus
511 2435 594 2476 amor
608 2423 761 2489 deceptam
776 2429 870 2477 morte
884 2422 1006 2487 telchin

134 2649 247 2696 nonne
264 2651 347 2695 vero
358 2632 452 2694 tanto
472 2650 508 2695 se
525 2630 809 2698 excusabiliorem
823 2631 974 2698 futuram
990 2651 1065 2700 esse
1080 2629 1256 2720 praeclare

134 2737 241 2817 novit,
264 2775 306 2784 -
326 2736 355 2801 si
375 2735 530 2802 oblatum
551 2735 664 2802 denuo
684 2759 837 2804 amorem
854 2760 923 2804 non
942 2736 1195 2827 repudiaverit,
1215 2775 1256 2787 -

135 2846 263 2930 quanto
292 2843 403 2928 magis
427 2843 615 2932 improviso
649 2844 824 2932 atrocique
854 2843 958 2911 casu2
983 2844 1106 2932 orbata
1132 2842 1255 2910 dilecto

135 2949 284 3036 conjuge
303 2949 432 3014 suerit?

181 3081 197 3114 «
219 3055 420 3121 Pertaesum
442 3083 457 3117 n
480 3078 617 3146 quoque
643 3078 678 3122 se
700 3079 774 3123 esse
804 3085 819 3119 «
842 3057 987 3124 thalami
1007 3057 1220 3149 taedaeque³
1237 3085 1252 3120 »

136 3160 314 3245 adfirmat;
336 3163 391 3227 cui
411 3185 492 3229 vero
515 3185 551 3230 se
571 3163 676 3229 fidem
694 3163 863 3230 facturam
889 3170 1006 3254 sperat
1025 3205 1068 3214 —
1093 3165 1254 3256 (simodo

169 3429 190 3478 l.
207 3429 295 3479 Nescio
310 3444 340 3476 an
356 3429 420 3478 illam
435 3430 508 3478 animi
524 3431 547 3477 vi
563 3431 653 3479 amoris
670 3432 764 3480 incitati
778 3433 947 3495 intemperiem
959 3431 1089 3494 Vergilius
1105 3433 1179 3483 nimio
1193 3447 1254 3496 quo-

137 3500 192 3548 dam
207 3501 343 3561 verborum,
365 3501 429 3550 tastu
447 3516 477 3550 ex
492 3503 617 3565 proposito
637 3503 793 3555 indicaverit.
813 3503 916 3563 Quando
931 3504 1006 3565 igitur
1029 3504 1053 3551 in
1076 3504 1142 3553 hune
1155 3519 1255 3554 versum

137 3570 186 3635 (IV,
205 3571 267 3634 Zit:

384 3653 453 3706 Ante,
466 3652 547 3707 Pudor,
561 3665 627 3708 quarn
640 3654 733 3697 teriolo
747 3660 786 3699 aut
798 3660 836 3698 tus
847 3656 898 3710 J'ura
913 3654 1007 3709 resolvo,

137 3795 251 3843 observat
266 3795 409 3844 Passennus
422 3797 467 3845 hoc
481 3797 553 3844 nimis
568 3797 689 3845 rhetorice
704 3798 796 3846 dictum
811 3813 867 3847 esse
883 3813 889 3846 :
908 3817 920 3844 «
935 3797 1001 3856 Quae
1009 3798 1141 3847 verborum
1156 3799 1253 3863 pompat

137 3880 207 3928 quam
220 3867 299 3915 inanis
313 3872 413 3916 ornatus
425 3870 430 3916 t
444 3887 455 3912 u
467 3895 495 3903 —
505 3869 634 3930 sagaciter,
651 3869 736 3930 fateor,
752 3869 841 3930 sentit;
855 3897 883 3905 -
898 3869 1066 3932 quandovero
1080 3871 1256 3937 versumistum

137 3943 266 3998 propterea
289 3938 365 3998 toltit,
393 3945 465 3987 errat.
494 3940 581 3988 Melius
606 3945 703 3998 contra,
729 3942 824 4003 opinor,
854 3942 1003 3990 Mauortius
1034 3942 1067 3989 ita
1098 3943 1206 3991 correxit
1231 3945 1256 3990 ut

138 4027 149 4052 ι(
167 4009 253 4057 Sancte
270 4010 385 4068 Pudor»,
402 4025 449 4058 non
466 4031 477 4055 u
492 4012 554 4058 Ante
572 4012 653 4059 Pudor
669 4029 681 4054 »
696 4026 778 4059 veram
793 4027 847 4060 esse
865 4013 993 4062 lectionem
1009 4005 1151 4074 conjiceret.
1213 4074 1218 4078 β

168 4080 191 4128 2.
211 4099 222 4124 κ
234 4080 340 4142 Sparsos
351 4081 458 4129 fraterna
468 4082 542 4129 caede
557 4083 662 4132 Penates
674 4100 685 4125 a
697 4082 748 4145 (tv,
762 4082 801 4146 21)
814 4098 819 4131 ε
832 4098 903 4146 quem
914 4098 1010 4132 versum
1025 4082 1107 4145 inepte
1121 4085 1173 4133 tolli
1183 4083 1256 4134 voluit

138 4151 287 4200 Panaenum.
309 4178 341 4186 -
361 4152 434 4199 Recta
451 4157 488 4200 est
507 4153 613 4201 alterae
630 4153 726 4201 duobos
741 4169 801 4217 quas
818 4155 859 4202 dat
880 4154 980 4203 Suanos
995 4155 1255 4216 interpretationibus:

138 4242 149 4267 α
166 4223 290 4285 [Penates]
310 4223 416 4285 pollutos
432 4237 519 4272 cruore
535 4243 547 4268 »
566 4225 656 4273 fratris.
678 4223 714 4274 Cf.
731 4232 841 4276 recentes
861 4228 924 4288 apud
946 4225 1081 4274 Couruurou
1103 4227 1255 4290 interpretes.

167 4293 191 4346 3.
211 4294 353 4342 Pisaurum
370 4310 375 4342 :
391 4313 403 4338 «
426 4294 478 4342 Nou
493 4301 546 4344 erat
564 4295 629 4360 quod
645 4296 684 4345 hic
702 4298 831 4360 quisquam
849 4299 947 4348 timeret
967 4297 1154 4362 tautologiam...
1177 4299 1255 4347 Pudor

137 4366 245 4414 retardat
259 4370 283 4414 et
297 4366 397 4428 impedit
414 4367 543 4428 quominus
565 4369 647 4417 statim
667 4368 794 4432 eloquatur
814 4370 879 4433 quod
904 4370 985 4418 sentit.
1001 4368 1055 4417 Vox
1075 4368 1134 4418 novi
1153 4367 1255 4433 conjugii

137 4437 207 4502 quasi
230 4437 255 4484 in
276 4438 388 4486 saucibus
403 4438 496 4488 haeret.
519 4455 530 4482 n
