2940 5076
509 404 511 408 ι
616 372 712 420 carus
738 374 885 421 raanan.
1268 354 1309 419 61

191 547 307 634 potius
334 554 367 614 et
387 547 609 654 Chalciopam
632 551 788 641 impellat
816 556 849 618 et
871 549 1046 634 Jasonem,
1069 573 1170 641 quam
1197 550 1312 618 horta·

190 654 324 721 toribus
343 656 468 723 iisdem
488 659 629 744 egeat¹l

233 763 393 829 Attamen
417 764 534 854 puella
561 763 683 832 Medea
711 770 781 849 est;
813 766 901 832 Dido
925 789 1019 850 vero,
1050 766 1173 833 mulier
1199 769 1310 834 aetate

189 869 297 937 multo
319 872 515 960 provectior
539 877 685 962 atquae
710 872 783 960 jam
809 874 906 964 prius
930 881 1036 966 nupta
1059 874 1187 956 fucrit,
1201 873 1310 940 multo
1352 869 1354 872 ’

189 977 302 1049 miuus
322 978 502 1063 audacem,
524 980 633 1047 multo
652 982 763 1068 magis
777 1003 813 1050 se
827 986 981 1072 praestat
1000 982 1196 1048 timidam...
1219 981 1310 1049 Num

188 1106 272 1151 vero
299 1084 387 1152 illud
411 1085 604 1175 Vergilium
635 1089 836 1180 praeteriit?
865 1088 955 1156 Num
983 1088 1111 1156 inscius
1140 1088 1310 1157 Didonem

188 1191 269 1261 lecit
286 1191 406 1260 Annae
426 1195 570 1262 consilia
587 1201 620 1263 et
639 1197 886 1287 exquirentem,
909 1201 943 1262 et
962 1201 1174 1286 sequentem,
1196 1218 1309 1286 neque

190 1299 343 1390 cupidati
363 1323 457 1385 suae,
484 1303 549 1369 uisi
568 1309 707 1371 auctore
733 1326 866 1388 sorore,
889 1303 1179 1371 satisfacientem?
1198 1303 1308 1371 Immo

191 1411 309 1473 contra
333 1408 457 1499 plures·
471 1409 516 1476 ob
536 1432 657 1477 causas
678 1411 726 1477 sic
741 1411 816 1477 fieri
835 1411 944 1478 voluit
965 1431 973 1478 :
995 1411 1145 1500 primum
1165 1410 1306 1493 scilicet,

187 1514 431 1583 accelerandae
451 1519 655 1584 narrationis
669 1541 773 1586 causa
790 1540 797 1587 :
815 1520 1070 1609 quamprimum
1092 1519 1214 1608 culpae
1233 1541 1309 1587 suc-

186 1621 349 1689 cumbere
369 1623 537 1692 Didonem
557 1627 721 1716 oportuit,
748 1626 841 1716 quod
865 1627 1007 1717 quidem
1026 1649 1066 1693 eo
1085 1627 1307 1694 verisimilius

184 1728 332 1812 videtur,
368 1731 396 1798 si
438 1754 507 1799 non
549 1733 660 1800 solum
698 1733 765 1800 sibi
800 1734 1004 1824 obsequitur
1040 1755 1204 1823 peccans,
1245 1732 1308 1801 sed

184 1837 342 1906 suadenti
361 1845 395 1906 et
414 1839 615 1927 suffraganti
634 1842 761 1924 sorori3
780 1881 822 1890 —
841 1840 978 1924 deiude,
1001 1841 1094 1931 quia,
1117 1841 1216 1907 sicuti
1232 1841 1306 1928 jam

184 1965 290 2034 supra
307 1947 438 2029 monui,
460 1948 614 2014 Aeneam
633 1949 730 2030 nihil,
753 1971 796 2016 ue
816 1949 998 2016 minimum
1017 1948 1170 2038 quidem,
1192 1949 1306 2015 moliri

184 2050 311 2135 decuit,
332 2058 370 2119 ut
388 2053 477 2120 Dido
497 2055 606 2121 amori
626 2053 867 2123 succumberet
879 2057 890 2092 ²
903 2077 910 2138 ;
922 2096 966 2138 7-
980 2055 1041 2122 scd
1056 2055 1144 2123 illud
1163 2056 1306 2146 insuper

183 2158 249 2229 sibi
268 2160 303 2225 iu
323 2160 388 2227 hoe
408 2160 600 2250 Vergilium
621 2164 843 2254 proposuisse
877 2163 1037 2245 arbitror,
1069 2167 1107 2228 ut
1134 2161 1223 2252 (cum
1252 2163 1304 2229 in-

182 2262 292 2333 ta‘ctae
312 2268 455 2355 virginis
476 2269 617 2337 affectus
645 2271 761 2337 nescio
790 2269 874 2360 quid
897 2272 932 2336 in
960 2292 996 2336 se
1020 2269 1169 2360 lepidius
1199 2274 1233 2336 et
1260 2270 1305 2336 ad

181 2375 446 2463 permulcendos
467 2377 624 2444 homiues
643 2378 757 2468 aptius
777 2379 850 2445 sine
871 2377 977 2444 dubio
997 2376 1159 2466 habeant)
1187 2376 1305 2443 addita

115 2538 118 2543 .
180 2480 306 2549 Didoni
330 2507 468 2573 quoque
493 2507 574 2551 suae
603 2487 713 2553 teneri
732 2486 897 2576 rudisque
921 2509 961 2552 ac
986 2483 1172 2551 verecundi
1198 2485 1304 2550 animi

181 2592 413 2675 cunctatione,
436 2592 482 2675 ei,
506 2593 570 2658 etsi
589 2594 664 2682 jam
682 2598 810 2684 nuptae
837 2598 870 2660 et
887 2598 1060 2674 maturae,
1082 2591 1181 2682 quasi
1200 2591 1303 2678 virgi·

179 2718 284 2764 neum
303 2697 470 2788 quiddam
490 2699 713 2768 suffunderet.

698 2948 777 3019 VIII

231 3133 273 3176 DE
293 3131 414 3177 DIDONE
433 3134 578 3187 AMANTE,
599 3134 734 3189 QUALEM
754 3133 792 3177 SE
811 3133 925 3188 GERAT,
946 3131 1095 3186 DEOSQUE
1114 3129 1253 3175 ERRORIS

335 3222 501 3269 AUCTORES
520 3225 558 3266 ΕΤ
577 3223 699 3269 CULPAE
720 3223 815 3279 QUASI
834 3221 986 3269 CONSCIOS
1005 3222 1132 3266 HABEAT

218 3389 339 3455 Annae
359 3393 474 3455 autem
494 3389 644 3456 consiliis
663 3394 757 3456 tanto
777 3389 910 3455 facilius
930 3389 1019 3454 victa
1038 3386 1296 3477 quantomagis

175 3496 315 3562 secretis
344 3496 452 3586 ipsius
482 3495 603 3563 studiis
636 3497 863 3586 respondent,
904 3519 970 3563 non
997 3495 1070 3582 jam
1103 3517 1176 3560 sese
1205 3492 1294 3559 Dido

205 3693 228 3744 1.
247 3692 284 3742 Cf.
302 3693 411 3758 Arpon„
432 3693 473 3751 ΙΙΙ,
494 3693 548 3752 686,
568 3693 623 3754 688,
648 3693 702 3756 724,
718 3693 774 3751 Ἱ39,
794 3693 864 3754 1062,
888 3691 1032 3750 lom-1076,
1053 3689 1198 3751 illl-1117,
1225 3688 1293 3740 1120.

175 3765 263 3826 Couar,
284 3766 373 3814 Paesie
397 3764 586 3824 alexandrine,
602 3780 626 3828 p.
642 3765 688 3814 308
714 3780 720 3813 ε
740 3786 752 3810 «
770 3766 802 3816 Ge
821 3766 867 3831 qai
886 3768 924 3814 est
942 3764 1070 3828 vraiment
1088 3775 1206 3812 noaoeaa
1225 3760 1294 3824 (citez

172 3837 353 3900 Apollonias),
376 3836 438 3886 c’est
460 3836 486 3886 la
506 3836 672 3900 profondear
694 3838 726 3886 de
744 3837 840 3888 l'etade
856 3836 1070 3902 psycbolopipae.
1086 3835 1110 3884 ΙΙ
1127 3851 1144 3899 y
1163 3848 1179 3882 a
1195 3848 1247 3897 pen
1263 3832 1296 3882 de

169 3910 261 3973 poetes
275 3909 458 3974 dramatiqaes
471 3909 517 3973 qai
533 3910 606 3973 aient
617 3910 693 3973 peint
706 3924 766 3959 anea
778 3909 842 3973 plns
857 3910 888 3958 de
904 3907 1037 3970 franchise
1055 3911 1081 3956 et
1096 3908 1128 3956 de
1142 3903 1295 3954 detrectasse

170 3984 238 4030 cette
255 3979 323 4030 latta
337 3979 513 4030 doaloarease
528 3979 561 4029 de
576 3980 689 4030 l'amoar
703 3984 729 4030 et
746 3982 777 4030 de
792 3980 932 4030 l’honnear
946 3980 1014 4030 dans
1029 3978 1104 4028 l'drnc
1123 3976 1296 4040 d’anejeane

171 4050 256 4116 fille...
274 4071 286 4096 o
304 4052 346 4100 lsti
357 4052 491 4101 doctissimi
515 4053 562 4100 viri
586 4052 694 4115 opinioni
716 4053 814 4102 minime
835 4052 968 4102 adsentior.
992 4051 1027 4102 (ΙΙ.
1052 4052 1159 4116 Arpon„
1175 4048 1216 4108 ΙΙΙ,
1234 4047 1295 4097 430-
1317 4084 1320 4090 .

171 4123 226 4184 470,
249 4123 364 4183 609043,
379 4125 420 4172 ubi
436 4138 509 4173 unum
528 4125 694 4173 tantummodo
714 4139 812 4173 versum
828 4125 853 4172 in
871 4137 919 4186 quo
934 4123 1025 4188 aliquid
1041 4123 1089 4171 tale
1104 4122 1143 4169 vix
1160 4120 1239 4170 obiter
1253 4121 1294 4168 in-

171 4197 267 4246 dicetur
287 4195 360 4259 (640).
375 4223 405 4232 -
419 4195 496 4244 Multo
510 4196 588 4258 magis
602 4209 661 4245 vera
675 4196 734 4244 mihi
749 4197 862 4245 videntur
875 4196 984 4259 ejusdem
1000 4193 1117 4258 philologi
1131 4193 1216 4251 verba,
1233 4206 1294 4256 quae

172 4282 245 4332 supra
259 4282 307 4317 nou
323 4269 397 4317 semel
419 4268 501 4316 citavi.
517 4295 548 4303 -
566 4267 639 4330 Apud
658 4267 814 4330 Apollonium
836 4282 884 4316 nou
905 4282 960 4317 sese
976 4268 1111 4329 interrogat
1124 4265 1201 4314 lector
1215 4268 1295 4313 utrum

170 4339 257 4389 Medea
272 4340 386 4390 iasonem
405 4344 515 4389 amatura
529 4340 561 4387 sit
575 4353 667 4400 uecue;
689 4339 732 4389 sed
753 4343 832 4388 ulrum
853 4343 981 4388 servatura
1002 4339 1049 4403 sit,
1065 4351 1151 4386 necne.
1167 4336 1221 4400 (Ill,
1237 4334 1294 4384 750-

169 4410 235 4474 801).
254 4439 284 4448 —
298 4412 334 4460 De
348 4425 396 4474 quo
413 4411 470 4460 vide
485 4410 597 4461 idoneam
612 4411 808 4460 observationem
822 4409 887 4475 apud
903 4411 1008 4470 Caraca,
1024 4409 1064 4469 IV,
1083 4409 1137 4460 128.

200 4483 224 4534 2.
243 4482 387 4533 Rectissime
400 4484 491 4544 Hsuav,
503 4481 643 4542 Acneidea,
659 4482 689 4543 ll,
700 4482 763 4532 590:
779 4503 792 4528 «
806 4481 889 4548 Virpil
904 4483 953 4532 has
967 4481 1135 4545 represented
1148 4481 1249 4529 Aeneas
1263 4493 1293 4526 as

170 4554 283 4605 reduced
298 4554 338 4621 by,
351 4559 398 4606 not
411 4555 520 4606 seducar
529 4555 562 4620 os
569 4553 646 4606 Dido.
660 4574 671 4599 a
687 4554 723 4605 Cl.
740 4555 813 4616 ibid,
827 4555 856 4615 ll,
868 4555 923 4618 635,
935 4558 958 4602 et
973 4555 1044 4614 iutra,
1056 4564 1084 4601 u0
1099 4567 1131 4611 ur,
1141 4567 1166 4616 p.
1178 4549 1217 4612 69,
1229 4565 1253 4599 n.
1270 4548 1292 4598 1.
