2940 5076
249 345 313 414 132
662 372 740 418 rans
764 370 947 418 rosrsruon.

290 541 421 608 Rursus
452 566 534 611 vero
564 544 704 610 eosdem
729 567 831 611 curae
859 566 933 610 esse
960 544 1058 627 viviS,
1090 543 1176 635 quid
1203 547 1370 612 necesso?

247 646 411 715 Servetur
426 671 507 716 sane
528 651 731 741 aliquandiu
744 651 919 719 viduitas:
942 652 991 717 sic
1016 651 1127 734 decet,
1151 652 1370 741 servavitque

246 754 347 822 Dido.
368 754 491 823 Doleat
513 779 655 847 prorsus
677 757 877 848 aliquandiu
901 757 1006 824 vidua
1029 757 1183 845 conjux:
1213 758 1372 824 naturale

247 868 310 945 est,
332 870 366 929 et
384 864 460 953 ipsa
480 865 567 932 Dido
591 865 733 953 longum
759 889 823 955 per
841 871 978 954 tempus
1000 892 1015 926 «
1039 888 1145 953 aegra
1166 892 1182 927 »
1203 865 1279 932 luit.
1301 866 1374 933 Ae-

245 974 383 1037 ternum
401 994 483 1038 vero
507 973 639 1060 lugere,
666 979 912 1063 aeternamque
941 973 1126 1039 observare
1151 973 1370 1053 viduitatem,

245 1077 329 1165 quid
360 1078 490 1145 refert?
522 1078 622 1160 Quod
650 1080 791 1170 quidem
818 1081 1003 1159 neminem,
1034 1102 1147 1169 neque
1175 1079 1372 1162 defunctos,

244 1206 357 1273 neque
388 1187 601 1275 superstites,
631 1189 815 1278 quicquam
837 1187 946 1273 juvet.
975 1186 1195 1276 Respuantur
1220 1188 1280 1277 qui
1305 1187 1375 1254 dis-

245 1291 397 1381 pliceant
421 1295 538 1382 proci3
570 1322 585 1355 u
616 1302 701 1377 esto,
740 1323 755 1356 »
786 1295 992 1362 -tametsi
1021 1318 1038 1361 e
1068 1294 1274 1384 petitoribus
1302 1295 1374 1361 illis

247 1399 415 1487 quosdam
435 1422 534 1487 reges
553 1403 670 1483 fuisse,
694 1408 728 1469 et
740 1403 819 1469 illos
840 1407 1009 1491 potentes,
1026 1423 1095 1467 non
1108 1402 1181 1467 sine
1196 1401 1375 1468 desiderio

245 1506 397 1594 quodam
416 1509 614 1575 meminisse
625 1509 725 1575 Anna
736 1509 882 1575 videtur.
896 1548 940 1559 —·
950 1509 1049 1575 Nunc
1059 1514 1174 1575 autem
1185 1508 1298 1592 adest,
1312 1509 1375 1598 qui

246 1613 371 1702 placet,
395 1637 592 1706 quanquam
617 1618 767 1682 exsulet
787 1615 947 1682 omnibus
968 1637 1098 1702 egenus
1121 1638 1128 1684 :
1158 1643 1175 1677 «
1196 1616 1375 1706 placitone

245 1721 349 1786 etiam
369 1723 479 1789 amori
500 1751 516 1784 »
538 1744 694 1813 pugnare
715 1724 838 1789 rationi
859 1728 1126 1789 consentaneum
1147 1726 1225 1791 est?

289 1828 409 1917 Neque
434 1830 479 1895 ab
508 1830 615 1896 altero
640 1830 802 1916 conjugio
823 1852 891 1895 non
911 1829 1154 1897 abstinendum
1183 1835 1375 1920 propterea

243 1936 482 2003 tantummodo
509 1942 626 2003 censet
644 1938 755 2018 Anna,
779 1937 872 2026 quod
892 1943 1047 2017 materna
1072 1936 1195 2003 Didoni
1224 1937 1373 2004 felicitas

241 2043 320 2128 jure
341 2045 495 2132 exoptari
515 2044 641 2133 possit;
664 2043 725 2110 sed
745 2048 779 2109 et
797 2044 864 2109 alia
884 2066 1022 2134 quoque
1042 2044 1131 2109 vitae
1150 2032 1282 2130 gaudia
1301 2066 1371 2110 nou

245 2149 466 2239 dedignanda
486 2151 698 2218 arbitratur:

430 2345 487 2397 Nec
501 2344 602 2397 dulces
620 2349 715 2410 natos,
738 2345 845 2396 Veneris
859 2360 906 2395 nee
916 2346 1040 2410 praemia
1052 2344 1159 2396 noris¹.

243 2513 506 2602 Pyrrhonizanti
526 2514 568 2580 de
588 2515 722 2581 animae
741 2515 997 2582 immortalitate
1017 2515 1155 2600 virgini,
1179 2515 1368 2606 subepiou-

242 2644 341 2689 reum
362 2621 548 2711 quoddam,
571 2628 609 2688 nt
627 2623 674 2688 ita
698 2622 823 2704 dicam,
849 2623 962 2688 inesse
987 2644 1126 2713 quoque
1152 2622 1261 2689 voluit
1284 2623 1368 2690 Ver·

242 2729 357 2815 gilius.

286 2835 360 2902 Non
380 2840 496 2902 tamen
520 2836 607 2903 adeo
632 2843 668 2902 ut
697 2858 834 2902 omnem
860 2837 1138 2926 superstitionem
1165 2837 1363 2904 excusserit.

239 2941 362 3011 Inferis
383 2943 453 3009 Diis
471 2944 576 3029 justa,
595 2944 694 3010 solito
715 2943 757 3009 de
775 2965 882 3017 more,
903 2944 1023 3032 utique
1039 2943 1270 3032 persolvenda
1289 2966 1364 3011 esse

240 3054 368 3118 censet.
387 3049 521 3117 Sufficit
539 3052 701 3120 nimirum
721 3050 818 3133 illud,
841 3078 856 3111 κ
874 3049 963 3117 Deos
984 3073 1126 3140 poscere
1148 3051 1285 3117 veniam
1298 3053 1322 3135 ²,
1345 3079 1361 3113 u

240 3163 274 3223 et
294 3180 501 3247 praecavere
522 3162 559 3224 ut
577 3157 770 3247 placantur,
793 3157 968 3247 siquibus
997 3178 1117 3224 eorum
1140 3158 1288 3225 fortasse
1312 3159 1363 3225 vi·

66 3332 69 3339 ,
163 3254 166 3259 ’
239 3264 388 3332 duarum
408 3265 599 3331 constantia
618 3264 713 3330 cordi
733 3265 786 3331 sit.

282 3372 470 3461 Postquam
485 3395 567 3438 vero
583 3370 725 3437 Didonis
742 3372 892 3438 animum
905 3372 1005 3437 Anna
1021 3397 1037 3432 «
1056 3370 1154 3438 dictis
1165 3372 1330 3456 incendit,
1346 3400 1362 3436 u

240 3479 524 3569 «labantemque
561 3479 663 3548 solvit
686 3478 867 3568 pudorem,
901 3505 917 3539 »
944 3479 1094 3545 rationes
1121 3501 1259 3569 quoque
1288 3502 1364 3547 mo-

239 3587 370 3676 dosque
401 3587 432 3652 ei
461 3587 698 3652 subministrat
717 3585 843 3674 quibus
868 3591 1020 3651 amatum
1040 3585 1179 3652 heroem
1208 3588 1244 3653 in
1270 3610 1364 3675 amo-

238 3716 311 3761 rem
333 3695 386 3760 sui
404 3693 557 3759 inducat.
579 3692 700 3758 Paucis
728 3693 843 3781 itaque
871 3693 986 3758 verbis
1011 3695 1120 3759 sorori
1150 3692 1365 3762 demonstrat

238 3807 272 3867 et
290 3802 389 3890 quasi
409 3801 560 3867 delineat
575 3799 701 3889 quibus
717 3803 833 3864 utatur
848 3820 1036 3866 sermones.
1056 3799 1204 3868 Unicum
1219 3800 1362 3890 quidem

237 3909 268 3975 ei
297 3907 497 3998 suppeditat
519 3907 619 3972 Anna
652 3909 908 3992 argumentum,
940 3906 1001 3972 sed
1030 3907 1182 3974 breviter
1212 3909 1362 3976 ostendit

267 4150 289 4201 1.
306 4149 346 4208 IV,
362 4149 401 4200 33.
424 4176 455 4185 -
473 4147 537 4200 Male
562 4149 704 4196 Pnaannnur
724 4150 748 4195 et
770 4146 868 4208 quidam
885 4146 948 4196 alii:
971 4167 981 4190 u
1001 4148 1054 4196 Nati
1070 4149 1155 4198 dulces
1174 4153 1231 4198 suut
1254 4151 1362 4213 praemia

235 4221 348 4275 Veneris,
363 4241 375 4265 a
388 4223 455 4270 Bene
470 4221 562 4273 Hsuar.
578 4218 717 4278 Aeaciden,
733 4221 750 4267 t.
768 4216 795 4275 Il,
808 4233 832 4280 p.
848 4217 915 4270 580:
933 4239 944 4263 ι(
962 4219 1063 4268 Veneris
1080 4223 1187 4282 praemia
1199 4222 1222 4270 ia
1237 4225 1283 4271 not
1297 4237 1360 4272 ano·

237 4294 296 4344 ther
309 4295 382 4357 serua
396 4295 428 4356 of
438 4294 523 4342 dulces
538 4296 616 4347 natos,
633 4290 679 4339 tut
689 4305 706 4338 α
720 4288 882 4339 substantioe
898 4291 1011 4355 tboupbt
1026 4292 1147 4341 :neither
1163 4291 1290 4355 children,
1312 4308 1360 4345 nor

237 4365 281 4421 the
293 4364 427 4428 plausores
444 4367 476 4427 of
487 4362 549 4412 love.
568 4382 579 4406 »
594 4364 651 4411 Item
669 4366 693 4409 et
708 4360 829 4417 Waeann,
846 4361 971 4429 r'oaueaa,
990 4363 1100 4420 Bsuotsv,

266 4437 289 4490 2.
305 4437 347 4500 lV,
363 4436 393 4488 50
408 4452 416 4489 ;4
428 4437 464 4490 Tu
476 4435 550 4490 modo
564 4448 638 4503 posce
650 4433 715 4486 Deos
731 4432 856 4489 veniam...
