2940 5076
176 342 220 407 32
635 359 710 405 runs
733 360 837 406 rnron.

174 538 272 605 istius
292 536 402 618 dolor,
424 557 493 624 quo
508 532 657 619 dignitas
677 533 938 601 Andromachae
959 537 1069 622 magis
1088 536 1193 601 etiam
1219 557 1299 600 cru·

175 647 263 712 oiata
282 645 346 710 fuit
355 664 459 732 qnam
471 663 595 731 corpus
609 640 843 708 dilaceratum.
856 643 981 709 Dicunt
990 643 1132 734 quidem
1143 649 1299 708 matrum

175 776 216 820 ex
243 751 366 818 animis
394 747 551 815 excidere
583 748 706 827 solere,
728 750 831 838 paulo
856 756 935 839 post
956 759 1105 841 partum,
1134 749 1299 839 pariendi

174 859 367 928 molestiam
391 879 399 925 :
423 856 523 942 cujus
549 861 664 921 tamen
691 856 833 922 oblitam
860 857 965 923 fuisse
986 858 1127 925 Molossi
1145 862 1298 923 matrem

174 965 350 1053 Vergilius
370 962 565 1031 acutissime
585 961 727 1028 noluit¹.

217 1071 322 1162 Apud
341 1069 542 1160 Euripidem
561 1091 664 1156 aegre
683 1071 755 1159 pati
772 1069 907 1137 videtur
920 1070 1138 1160 Neoptolemi
1157 1072 1299 1160 captiva

173 1180 268 1271 quod
287 1178 520 1260 Hermionam,
537 1199 574 1242 se
587 1177 664 1265 ipsa
684 1176 860 1259 derelicta,
878 1183 1087 1267 anteponere
1111 1178 1296 1268 inceperit,

172 1294 232 1356 aut
251 1287 373 1353 saltem
392 1307 435 1351 ne
461 1285 527 1350 sihi
553 1290 674 1350 noceat
696 1285 762 1351 ista
784 1284 914 1350 domini
933 1285 987 1352 sui
1006 1285 1168 1352 alienatio
1192 1285 1298 1352 valde

172 1395 312 1476 metuit,
342 1430 386 1442 --
413 1390 587 1478 Vergilius
611 1413 692 1458 vero
721 1391 879 1458 eamdem
902 1413 977 1458 rem
1009 1393 1057 1458 ita
1093 1398 1228 1473 narrat,
1252 1398 1300 1467 ‚ut

172 1503 287 1592 potius
306 1505 462 1568 recreata
480 1504 732 1587 exonerataque
748 1499 853 1565 fuisse
868 1498 1038 1583 videatur,
1058 1521 1137 1566 cum
1150 1499 1299 1567 tandem

173 1608 327 1698 Pyrrhus

312 1802 455 1855 Ledaeam
470 1801 658 1854 Hermionem
671 1801 971 1866 Lacedaemoniosque
987 1803 1165 1869 hymenaeos

174 1981 311 2042 secutus
330 1979 392 2042 est.

217 2083 372 2171 Denique
407 2080 501 2171 apud
532 2079 752 2169 Euripidem,
792 2082 858 2147 sub
895 2081 999 2147 finem
1031 2081 1298 2153 Andromachae

172 2188 372 2276 tragoediae
387 2187 411 2269 ²,
433 2187 590 2254 Hectoris
609 2187 707 2252 uxori
726 2186 849 2253 viduae
869 2189 1092 2277 promittitur,
1115 2191 1214 2278 qnasi
1235 2213 1299 2258 an-

172 2295 360 2364 tecedentis
385 2295 560 2360 servitutis
588 2293 754 2361 solacium
777 2316 817 2360 ac
840 2316 990 2378 merces,
1011 2295 1138 2382 trojani
1167 2295 1298 2365 Heleni

172 2403 413 2490 conjugium...
448 2400 650 2487 Vergiliana
679 2422 760 2467 vero
791 2401 1034 2468 Andromacha
1070 2424 1138 2469 non
1172 2406 1298 2474 reticet

173 2511 273 2601 (adeo
291 2515 407 2576 tamen
426 2531 469 2574 ne
492 2507 577 2597 quid
595 2509 631 2573 in
655 2507 824 2574 Helenum
845 2509 1125 2576 contumeliosius
1145 2512 1295 2602 emittat)

171 2619 312 2686 tertium
336 2615 426 2683 illud
445 2643 461 2677 α
483 2614 684 2701 conjugium
706 2642 721 2675 »
747 2614 813 2681 sibi
836 2614 922 2681 nihil
944 2615 1039 2681 aliud
1057 2616 1167 2683 videri
1186 2640 1297 2707 quam

172 2746 297 2793 novam
327 2724 497 2813 aliquam,
529 2728 632 2811 atque
661 2722 716 2787 vix
744 2723 857 2789 minus
884 2728 1039 2813 turpem,
1071 2725 1295 2794 continuatae

173 2832 348 2902 servitutis
367 2850 568 2898 aerumnam
586 2852 594 2897 :

313 3030 358 3081 Μθ
375 3027 477 3090 famul)
491 3024 677 3089 famulamque
691 3024 802 3077 Heleno
815 3027 966 3076 transmisit
981 3025 1136 3078 hahendam
1144 3029 1164 3078 ³.

218 3201 338 3290 Neque
357 3206 473 3266 tamen
493 3198 606 3263 minus
627 3219 666 3262 ex
684 3197 838 3265 Aeneide
857 3221 963 3288 qnam
982 3222 1023 3265 ex
1042 3200 1220 3290 Euripidis
1239 3203 1287 3270 fa·

173 3309 265 3377 bulis
286 3309 414 3374 eminet
432 3310 588 3372 materna
611 3305 673 3371 illa
695 3306 818 3371 caritas
839 3306 938 3392 cujus
962 3306 1041 3373 inde
1065 3307 1111 3373 ab
1138 3307 1295 3378 Homero

174 3417 274 3508 quasi
314 3413 489 3503 exemplar
532 3413 678 3501 proponi
717 3412 998 3479 Andromacham
1034 3415 1296 3503 quodammodo

175 3544 315 3592 necesse
335 3527 387 3588 est
401 3521 424 3587 ⁴.
451 3519 522 3586 Sed
541 3518 583 3584 de
603 3519 809 3607 Astyanacte
834 3541 972 3609 semper
991 3522 1119 3587 mentio
1139 3522 1178 3588 fit
1197 3525 1296 3614 apud

206 3719 228 3768 1.
247 3718 329 3775 Pana,
347 3718 421 3781 Troy.
437 3730 518 3782 prees,
542 3715 625 3777 111‚p.
644 3714 689 3764 291
711 3731 717 3764 :
740 3735 752 3759 u
770 3713 984 3780 L'Andromcque
1005 3715 1088 3766 latine
1105 3717 1147 3766 n'c
1168 3719 1225 3778 fait
1243 3734 1296 3784 que

174 3800 301 3840 trauemr
316 3788 343 3838 la
356 3787 489 3838 servitude
502 3790 528 3836 et
541 3801 581 3835 ses
595 3789 730 3852 eutropes,
748 3805 760 3831 »
774 3791 820 3837 ete.

205 3861 228 3911 2.
247 3860 385 3920 Androm,
401 3858 462 3908 1243
476 3873 529 3922 sqq.

204 3932 228 3983 3.
247 3932 326 3982 Parva
341 3947 396 3980 cum
418 3931 533 3979 felicitate
550 3930 694 3978 Pascuntur
718 3945 723 3977 :
747 3949 759 3974 u
780 3929 818 3978 lie
841 3930 930 3979 tumulo
947 3929 1131 3996 subolemque!
1150 3953 1162 3977 u
1183 3961 1212 3968 -
1238 3935 1297 3985 Filii

174 4018 279 4069 quoque,
289 4004 326 4052 cui
337 4017 426 4051 nornen
440 4001 575 4059 Cestrinus,
586 4016 657 4064 quem
672 4016 701 4049 ex
716 4001 808 4050 Heleno
829 4001 999 4051 Andromacha
1018 4004 1144 4065 peperisse
1165 4004 1296 4056 dicebatur

175 4075 217 4138 (ci.
234 4075 349 4132 Pansam,
367 4075 384 4122 l.
405 4075 428 4134 I,
444 4074 484 4123 ch.
504 4074 552 4133 in),
571 4074 639 4122 nulla
658 4074 685 4121 tit
702 4073 728 4120 in
747 4073 857 4123 Aeneide
877 4075 976 4122 mentio.
994 4102 1022 4109 —
1043 4074 1117 4138 Cujus
1137 4089 1183 4138 ego
1202 4091 1295 4126 versus

174 4145 296 4209 vulgatam
310 4146 438 4195 lectionem
452 4145 551 4207 accepi:
563 4146 685 4207 antiquam
701 4149 779 4193 tamen
789 4145 927 4202 lectionem,
939 4159 1009 4208 quam
1020 4145 1117 4208 quidem
1127 4148 1198 4208 pauci
1213 4162 1295 4211 neque

175 4217 259 4281 optimi
279 4218 377 4266 codices
392 4216 524 4279 praebent,
540 4216 655 4265 desidero
673 4230 678 4262 :
695 4235 706 4260 «
724 4216 761 4264 lle
776 4217 889 4264 famulam
909 4218 1075 4280 famuloque..
1095 4236 1106 4261 u
1124 4219 1191 4280 quod
1209 4219 1295 4270 laesae

176 4310 188 4334 u
206 4289 315 4352 dejectae
333 4308 345 4332 u
359 4290 458 4350 reginae
473 4287 585 4350 dignitati
599 4287 690 4349 magiS,
707 4292 733 4335 ut
746 4288 841 4350 opinor,
857 4289 993 4338 conveniat.

207 4360 229 4410 t.
248 4361 321 4423 Apud
335 4360 437 4409 Tnerzcu
451 4358 608 4420 (Homerica,
622 4358 669 4407 317
682 4359 746 4421 sqq.)
760 4359 822 4407 duos
832 4373 862 4407 ex
877 4359 980 4408 Hectore
993 4360 1065 4420 tilios,
1074 4375 1128 4409 cnm
1145 4362 1294 4424 Astyanacte

176 4432 334 4491 Laodamum,
349 4430 521 4481 Andromacha
534 4431 661 4494 peperisse
675 4430 772 4479 dicitnr.
