2940 5076
593 388 690 437 curor
715 387 865 438 ruariuu.
1248 361 1290 434 43

171 565 322 633 consiliis
338 566 513 649 obsecuta,
525 566 696 637 ultionem
705 572 805 657 paret
820 572 853 633 et
867 570 1073 655 exsequatur
1085 564 1186 646 Dido,
1204 563 1291 629 illud

170 673 206 738 in
226 675 375 764 antiquis
400 673 525 740 fabulis
553 673 628 740 fuse
656 674 902 764 explicabatur,
926 674 1014 740 sicut
1039 671 1213 752 elustini,
1235 685 1292 737 ve·

171 785 263 846 teres
295 779 477 847 historicos
511 781 702 870 sequentiS,
738 778 973 870 compendio¹,
1006 780 1041 845 in
1076 778 1141 845 boc
1175 782 1291 844 tamen

173 887 341 974 longiore,
371 889 616 978 comperimus
652 889 739 955 sicut
775 893 808 953 et
835 887 1008 974 Vergilius
1043 886 1116 975 ipse
1146 887 1288 968 monuit,

174 993 320 1062 dicens:
1214 992 1216 1005 ’

625 1103 725 1167 Longa
739 1106 785 1153 est
798 1101 915 1166 injuria,
929 1100 1035 1166 longae

359 1183 517 1247 Ambages,
531 1182 583 1234 sed
598 1192 715 1234 summa
727 1194 834 1248 sequar
847 1182 968 1247 fastigia
980 1195 1087 1234 rerum.

222 1360 316 1442 Quae
333 1383 415 1427 vero
435 1360 609 1448 Vergilius
630 1388 646 1423 «
669 1385 785 1429 rerum
803 1362 973 1429 »illarum
994 1363 1196 1447 «fastigia»
1217 1384 1292 1429 esse

172 1466 397 1554 judicaverit,
428 1491 516 1558 quae
544 1491 583 1535 ex
610 1471 758 1559 antiquis
785 1469 911 1536 fabulis
935 1470 980 1536 ad
1002 1469 1172 1537 Didonem
1190 1471 1295 1560 perti·

174 1576 335 1643 nantibus
361 1578 560 1660 extraxerit,
587 1577 644 1643 vel
666 1577 841 1665 rejecerit,
863 1579 1006 1669 propius
1030 1576 1215 1645 observare
1239 1600 1294 1644 ex·

174 1683 282 1773 pedit.
911 1689 916 1698 “

222 1817 238 1852 a
263 1791 386 1875 Elissa,
410 1791 469 1858 dia
488 1793 629 1860 fratrem
652 1800 796 1884 propter
821 1795 933 1864 scelus
956 1800 1125 1874 aversata,
1148 1791 1195 1858 od
1214 1813 1293 1882 pos-

176 1925 192 1959 «
219 1910 366 1966 tremum
395 1899 608 1969 dissimulato
637 1902 732 1984 odio,
766 1903 991 1991 mitigatoque
1020 1901 1155 1966 interim
1184 1901 1290 1981 vultu,

176 2033 192 2067 «
218 2007 339 2093 fugam
357 2009 458 2075 tacite
477 2009 630 2077 molitur.
656 2019 681 2072 »¹

219 2113 314 2181 Haec
345 2115 534 2183 secundum
562 2118 692 2206 priscas
727 2117 886 2184 historias
913 2116 1089 2197 lustinus3
1121 2114 1293 2200 Vergilius

175 2244 256 2287 vero
277 2223 463 2292 abolendas
484 2246 558 2291 esse
582 2247 696 2291 moras
716 2230 828 2291 tantas
848 2224 1029 2306 existimat,
1056 2223 1294 2312 Didonemque

175 2329 291 2395 statim
309 2336 348 2397 ut
362 2353 382 2396 a
395 2332 518 2398 marito
533 2331 709 2398 admonita
723 2331 846 2412 luerat,
865 2331 1035 2421 proficisci
1054 2330 1294 2420 properavisse

174 2434 275 2523 fingit
296 2458 304 2505 :
327 2438 467 2520 scilicet,
486 2443 523 2504 ut
542 2439 675 2528 opinor,
697 2461 740 2505 ne
761 2438 918 2504 videatur
937 2437 1071 2505 vividus
1087 2438 1200 2504 minus
1220 2437 1294 2522 ejus

174 2541 209 2607 in
238 2544 403 2610 amissum
439 2544 624 2631 conjugem
661 2566 768 2629 amor,
799 2566 885 2611 neve
919 2546 1031 2611 miuus
1069 2543 1294 2610 admiratione

175 2647 282 2736 digna
300 2652 447 2719 feminae
467 2652 622 2735 audacia,
646 2653 816 2743 siquidem
836 2652 964 2719 diutius
984 2653 1133 2738 cogitata
1152 2651 1296 2716 circum-

176 2763 363 2848 spectoque
382 2760 515 2830 fuisset.
541 2760 591 2827 Eo
615 2760 836 2851 spectabilior
855 2760 930 2847 ejus
949 2760 1013 2827 fuit
1037 2781 1106 2849 quo
1129 2757 1173 2824 ad
1193 2778 1296 2843 agen·

175 2863 259 2930 dum
279 2868 472 2956 promptior
489 2867 667 2934 fortitudo.

222 2971 318 3053 Quae
342 2979 458 3040 autem
481 2980 672 3064 sequuntur
696 2975 732 3043 in
755 2976 904 3065 antiquis
932 2975 1070 3057 fabulis,
1101 2973 1146 3040 ab
1174 2972 1297 3039 eodem

175 3078 310 3166 tustino
337 3080 488 3164 traditiS,
529 3083 699 3169 legenteS,
731 3083 950 3149 vaferrimam
983 3088 1017 3148 et
1051 3081 1296 3147 astutissimam

175 3185 409 3274 Pygmalionis
426 3211 579 3255 sororem
598 3189 763 3256 creditam
781 3191 887 3259 fuisse
905 3190 1098 3256 invenimus
1120 3211 1127 3256 :
1188 3209 1193 3221 ⁸

223 3321 239 3355 «
333 3295 427 3362 Tunc
454 3296 595 3362 fratrem
624 3295 699 3363 dolo
731 3294 948 3386 oqqreditar3
974 3296 1076 3386 fioqz't
1095 3318 1127 3361 se
1151 3293 1198 3360 od
1219 3317 1297 3360 aaron

178 3428 194 3463 «
221 3401 367 3491 mzprore
394 3403 495 3486 velle,
524 3426 567 3469 ne
597 3403 744 3494 amplius
776 3405 807 3470 ei
837 3405 949 3470 mariti
979 3403 1119 3488 domno,
1150 3401 1296 3491 cupidae

177 3535 194 3569 «
221 3507 416 3593 oblivionis,
439 3531 581 3596 gravem
599 3512 712 3576 luctus
735 3511 922 3596 imaginem
946 3516 1102 3592 revocet;
1125 3532 1187 3575 nec
1207 3509 1296 3575 ultro

178 3642 194 3676 α
222 3637 339 3682 amara
377 3615 565 3682 admonitii)
604 3618 712 3684 oculis
746 3619 821 3705 ejus
854 3623 1023 3683 occurrat.
1060 3617 1135 3683 Non
1171 3616 1296 3681 invitus

177 3747 194 3783 c
221 3721 425 3810 Pygmalion
445 3724 551 3790 verba
571 3726 697 3793 sororis
718 3707 889 3793 audivit...
912 3723 973 3794 sed
993 3724 1104 3791 Elissa
1123 3723 1297 3788 ministros

178 3856 195 3890 α
220 3831 437 3916 migrationis
457 3853 476 3897 a
495 3854 577 3919 rege
592 3834 727 3915 missos,
744 3833 888 3899 navibus
904 3854 982 3898 oum
998 3832 1157 3898 omnibus
1173 3830 1297 3920 opibus

112 3926 114 3929 ⁵
178 3964 195 3999 a
222 3939 292 4003 suis
329 3939 442 4029 prima
477 3962 623 4029 vespera
657 3941 819 4031 imponit,
856 3947 1087 4030 provectuque
1119 3941 1155 4004 in
1181 3938 1298 4009 ¹altum
1330 3929 1333 3934 ⁸

177 4071 194 4105 α
221 4046 397 4135 compellit
426 4068 484 4112 eos
517 4069 619 4113 coeco
650 4069 790 4130 oratioe,
820 4070 883 4137 pro
916 4048 1082 4137 pecccata,
1118 4045 1298 4111 irtvolocris

179 4178 195 4212 α
222 4151 374 4218 involato
403 4153 438 4219 iu
466 4175 560 4218 mare
587 4153 749 4239 dejicere.
778 4155 884 4237 Tunc,
909 4153 1033 4243 deflens
1054 4153 1127 4242 ipso
1146 4151 1299 4242 lacqacbrz'-

180 4285 196 4319 α
223 4281 288 4348 que
307 4282 384 4326 voce
403 4259 571 4326 Acerbom
594 4260 686 4344 ca'et;
709 4267 784 4328 orat
809 4267 845 4327 ut
869 4261 981 4328 libens
1008 4281 1091 4351 opes
1111 4282 1190 4326 suas
1210 4259 1298 4325 reci-

211 4462 235 4512 1.
254 4477 322 4524 svm,
337 4462 360 4510 4.
