2940 5076
175 330 218 394 ot
631 346 708 393 raas
731 347 835 392 raioa.
897 404 898 409 ἵ

174 633 276 701 etiam
295 632 367 699 Diis
386 630 483 714 libat,

576 727 739 792 spatiatur1
753 726 790 778 ad
806 738 887 785 aras,

173 901 255 989 quia
273 899 415 982 seilicet,
440 904 479 966 ut
497 898 582 966 dixit
600 899 765 981 Donatus,
790 926 805 960 a
830 897 925 965 nullo
948 882 984 964 in
1010 897 1085 963 loeo
1105 897 1291 964 consistere

171 1007 317 1097 potest²,
332 1035 347 1068 u
363 1011 397 1073 et
411 1007 509 1096 quasi
528 1028 711 1073 nervorum
728 1005 878 1097 quadam
894 1005 1050 1096 inquieta
1063 1003 1292 1094 trepidatione

172 1115 336 1202 quatitur.

216 1221 393 1311 Nusquam
415 1222 505 1289 enim
525 1226 558 1287 et
576 1242 753 1311 nunquam
780 1220 861 1287 felix
885 1220 1005 1307 regina
1032 1224 1096 1302 est,
1118 1219 1185 1285 nisi
1205 1242 1293 1309 quo-

90 1325 93 1331 ’
170 1328 259 1395 tiens
274 1351 352 1396 cum
365 1329 484 1395 Aenea
497 1333 666 1395 versatur.
683 1328 907 1418 Quocumque
924 1327 1029 1415 igitur
1042 1327 1117 1415 ejus
1138 1328 1293 1415 vestigiis

171 1436 309 1517 insistit,
330 1458 395 1502 neo
414 1458 566 1526 unquam
593 1437 736 1502 satiatur
761 1436 900 1502 vidisse.
922 1435 1020 1502 Nune
1040 1434 1072 1502 ei
1092 1461 1108 1494 «
1132 1432 1294 1502 Sidonias

172 1566 255 1634 opes
278 1572 294 1606 »
315 1542 523 1611 ambulando
539 1547 688 1612 ostentat

556 1736 717 1801 urbemque
733 1738 884 1802 paratam³

172 1912 206 1974 et
224 1907 324 1997 quasi
343 1904 513 1988 dotalem3
539 1929 630 1973 nune
648 1911 813 1993 vergente
829 1905 883 1973 die
903 1907 938 1972 in
958 1911 1094 1973 noctem
1114 1905 1295 1972 conviviai

171 2013 363 2104 producere
381 2013 479 2093 libet,
500 2012 573 2097 uhi,
596 2014 695 2081 sicuti
720 2014 833 2104 primo
862 2013 930 2095 die,
960 2018 994 2080 et
1018 2012 1160 2085 videndi
1178 2017 1213 2079 et
1232 2035 1295 2079 au-

99 2199 102 2207 ,
171 2120 289 2188 diendi
307 2121 446 2187 Aeneae
469 2120 613 2188 liberior
640 2121 739 2210 eopia
764 2119 876 2188 datur.
903 2121 1001 2187 Nune
1025 2119 1130 2187 veluti
1155 2143 1295 2210 quoque

172 2233 283 2309 antea,
309 2227 552 2314 Astyanactem
580 2228 779 2309 oseulatur,
795 2250 907 2317 neque
925 2227 1014 2294 illud
1033 2231 1135 2317 poeta
1152 2228 1292 2310 iterare,

172 2335 329 2426 quamvis
363 2334 438 2422 jam
466 2357 570 2425 supra
600 2335 763 2418 dictuml,
797 2335 943 2418 dubitat,
972 2335 1135 2424 quoniam
1166 2336 1214 2401 sio
1244 2335 1296 2401 in-

171 2465 296 2531 genue,
327 2443 407 2509 lieet
435 2442 577 2508 honeste
598 2448 631 2509 et
660 2447 763 2525 caste,
794 2444 886 2510 viam
909 2443 1037 2509 haheat
1061 2441 1292 2530 significandi,

171 2548 345 2616 interdum
365 2571 547 2638 erumpere
569 2575 585 2611 «
607 2549 750 2616 furentis
773 2578 789 2612 »
808 2549 957 2616 feminae
977 2572 1080 2637 aegre
1099 2549 1293 2618 cohibitum

172 2679 211 2723 ac
231 2657 389 2723 silentem
412 2677 578 2738 amorem,
608 2655 773 2746 illamque
802 2658 900 2747 quasi
924 2656 1159 2747 appetentiam
1183 2660 1294 2747 optati

170 2763 236 2830 viri
249 2765 271 2829 ⁶.
306 2801 350 2813 —-
382 2762 453 2829 Nee
491 2763 604 2832 minus
641 2762 824 2847 audacem,
859 2764 980 2832 eadem
1003 2769 1118 2831 tamen
1157 2770 1295 2832 servata

204 2959 226 3009 l.
243 2959 295 3008 Nisi
318 2958 387 3018 torte,
404 2961 430 3006 ut
446 2958 498 3006 vult
517 2957 627 3018 Saavrus,
649 2958 772 3023 Vergilius
789 2960 814 3008 iu
836 2960 949 3009 hocloco
970 2960 1105 3008 meminerit
1127 2963 1295 3008 matronarum

170 3026 233 3096 quae
246 3030 426 3079 sacrificaturae
441 3030 507 3078 circa
521 3044 576 3078 aras
590 3029 683 3079 laoniae
696 3035 807 3081 tenentes
821 3031 985 3081 ambulabant.
997 3030 1040 3080 Cui
1056 3030 1153 3094 quidem
1168 3031 1295 3093 interpre-

171 3103 256 3152 tationi
271 3100 408 3150 adsentitur
422 3100 531 3151 Bnuorsr.

202 3173 226 3223 2.
245 3192 256 3216 «
274 3172 304 3220 Et
317 3166 413 3234 vaganti
430 3172 505 3220 totius
518 3171 628 3222 civitatis
648 3175 753 3238 spatium
766 3176 878 3224 sulficere
892 3189 941 3224 non
957 3177 1060 3238 poterat.
1078 3193 1089 3218 a
1105 3201 1135 3210 -
1159 3173 1195 3222 Ci.
1211 3175 1292 3223 Aaou.

171 3245 236 3307 apud
259 3243 380 3304 Servium,
403 3244 465 3295 inv.
480 3243 512 3293 62
529 3260 535 3294 ε
552 3264 564 3290 a
582 3245 620 3295 An
640 3246 686 3296 hoe
705 3247 735 3296 ad
759 3246 934 3310 impatientiam
951 3245 1040 3294 amoris
1064 3246 1218 3296 referendum
1244 3252 1292 3306 est,

172 3329 220 3379 quo
231 3315 323 3377 jactata
336 3313 399 3364 Dido
413 3316 466 3364 loco
483 3320 549 3365 stare
565 3331 613 3366 non
626 3322 732 3382 poterat,
744 3319 815 3382 juxta
826 3317 886 3366 iliud
900 3316 993 3376 <68>

492 3433 572 3478 Uritur
583 3434 659 3478 infelix
675 3435 739 3489 Dido,
754 3441 842 3490 totaque
856 3440 950 3490 vagatur

491 3495 548 3539 Urbe
561 3496 644 3541 turena.
659 3513 669 3539 a
780 3496 782 3501 '

204 3603 354 3652 Aronnourus
368 3601 418 3667 (lll,
434 3602 547 3670 sat-835)
562 3623 568 3657 :
585 3602 660 3658 αὐτοῦ
675 3607 701 3659 δὲ
715 3609 799 3668 δόμοις
816 3601 984 3658 taratantara

584 3681 664 3730 στεῖὸε
677 3679 782 3731 πέδον...

204 3790 227 3840 3.
246 3790 316 3840 ineo
331 3794 397 3840 tanto
412 3793 489 3857 magis
507 3795 594 3857 perita,
609 3808 657 3856 quo
676 3793 753 3856 magis
772 3792 917 3842 considendi
935 3793 1038 3856 cupidus
1053 3798 1090 3842 est
1104 3794 1200 3842 Aeneas
1214 3794 1256 3857 (et.
1274 3794 1293 3855 1,

173 3862 227 3921 iat,
243 3862 299 3926 557)
309 3865 333 3912 et
347 3863 400 3926 ipse
414 3863 565 3915 desiderium
580 3865 669 3927 quietis
683 3879 764 3914 coram
779 3863 873 3913 Didone
889 3867 992 3913 testatus
1006 3869 1044 3914 est
1058 3864 1109 3928 (ΙΙΙ,
1125 3863 1171 3914 493
1186 3864 1260 3929 sqq.).

204 3933 228 3983 4.
245 3935 271 3982 lu
284 3950 307 3984 v.
322 3933 354 3984 77
371 3951 377 3984 :
397 3955 409 3981 α
422 3950 488 3986 nunc
503 3936 593 3987 eadem
607 3936 704 3985 labente
719 3937 759 3985 die
773 3935 887 3985 convivia
900 3937 1004 3998 quaerit,
1020 3956 1031 3980 u
1047 3936 1203 3999 interpretari
1218 3937 1295 3986 debe-

173 4021 227 4055 mus
241 4005 331 4056 eadem
345 4008 477 4066 convivta‚·
490 4023 539 4058 non
554 4011 642 4067 autem,
660 4011 685 4056 ut
697 4006 806 4056 Gossaau
817 4006 878 4065 vult,
891 4006 982 4056 eadem
996 4007 1073 4059 Dido.

203 4078 227 4199 ἓ.
246 4077 322 4138 Aea,
336 4078 355 4138 l,
366 4079 421 4131 717.
472 4126 474 4131 .

426 4215 472 4257 arri
483 4214 568 4269 gremio
577 4214 706 4267 Aseeuium,
718 4212 827 4269 genitoris
838 4212 935 4269 imagine
948 4220 1019 4268 eapte,

427 4275 523 4330 Detinet,
538 4278 668 4330 infandum
682 4276 702 4319 si
715 4274 791 4319 tallere
806 4276 876 4331 possit
888 4287 993 4320 amorem.

205 4382 241 4436 Cl.
257 4384 328 4448 inira,
341 4400 366 4436 v.
385 4385 428 4437 101
445 4400 451 4434 :

425 4503 496 4549 ardet
506 4513 584 4548 emens
596 4501 660 4558 Dido,
673 4502 784 4560 traxitque
795 4515 841 4559 per
852 4515 906 4548 oeae
917 4501 1023 4547 iurarem.
