2940 5076
195 341 216 404 8
652 359 729 403 rans
754 359 857 403 aaron.

195 555 345 614 summa,
371 555 496 623 nempe
522 533 739 622 Neoptolemi
765 553 841 598 cum
869 529 987 597 Oreste
1013 531 1215 614 aemulatio,
1242 555 1314 600 non

194 663 271 707 cum
292 640 481 708 Hermiona
494 639 758 705 Andromachae
770 641 792 705 ¹.
805 638 913 703 Immo
929 637 1032 704 etiam
1046 661 1088 705 ne
1099 640 1135 704 in
1151 661 1314 706 scaenam

194 748 334 839 quidem
362 746 538 813 inductam
562 747 667 813 fuisse
698 743 978 812 Andromacham
1006 752 1138 811 eertum
1168 751 1219 816 est
1257 748 1314 813 vel

191 853 454 924 necessarinm².
475 853 725 944 Superstitibus
745 853 836 919 enim
855 875 872 918 e
892 852 1095 938 fragmentis
1115 853 1200 919 nihil
1216 854 1314 921 aliud

192 964 363 1050 conjicere
383 983 580 1052 possumus
602 962 668 1027 nisi
689 960 764 1046 ejus
784 959 906 1040 tilium,
930 981 971 1026 ex
999 959 1226 1048 Neoptolemo
1253 983 1314 1048 ge-

190 1073 311 1151 nitum,
332 1069 515 1137 Ancialum
535 1069 690 1150 nominc,
713 1068 747 1132 in
768 1066 956 1132 Andronici
982 1067 1100 1132 fabula
1123 1090 1311 1157 personam

191 1166 378 1267 quamdam
398 1176 542 1262 egisse³.
564 1174 778 1241 Paucissima
797 1196 881 1261 ergo
901 1175 1097 1239 communia
1116 1197 1195 1240 cum
1210 1176 1311 1243 Euri-

190 1285 294 1375 pidea
326 1281 567 1350 Andromacha
607 1281 819 1371 Sophoclea,
855 1280 997 1347 Liviana
1037 1286 1071 1347 et
1111 1282 1312 1351 Pacuviano

190 1391 394 1459 Hermionae
412 1390 598 1457 habuere‘.

234 1499 327 1565 Nihil
346 1499 453 1586 igitur
471 1496 648 1584 Vergilius
668 1518 780 1586 neque
802 1519 820 1562 e
839 1496 966 1580 latinis,
988 1519 1100 1586 neque
1122 1521 1139 1564 e
1159 1501 1309 1585 graecis,

189 1702 293 1767 Orestis)
308 1718 334 1752 se
351 1703 431 1765 ipsum
450 1702 572 1751 laudantis
594 1702 698 1750 libenter
719 1701 861 1762 conpciam3
876 1727 906 1737 -
921 1700 947 1748 3ο
962 1700 1046 1764 (ibid,
1061 1701 1079 1759 l,
1097 1716 1120 1764 p.
1136 1702 1207 1764 503t:
1225 1724 1237 1748 a
1259 1720 1313 1768 par

187 1775 328 1841 fortitudo,
345 1775 447 1840 pamiae
462 1773 633 1838 confidentia,
644 1793 655 1816 u
671 1787 733 1835 quae
747 1773 822 1820 verba
832 1787 887 1821 esse
898 1776 1030 1835 potuerunt
1044 1773 1187 1823 Hermionae
1203 1776 1311 1826 incertae

188 1853 266 1897 utrum
282 1851 427 1910 anteponat3
443 1846 480 1894 vel
493 1846 560 1894 illius
570 1846 673 1894 nutricis
686 1859 738 1893 eam
752 1844 907 1908 alloquentis.

219 1920 240 1969 1.
261 1920 375 1978 Brasaca,
390 1917 417 1969 a.
435 1920 500 1967 rdm.
519 1919 604 1983 Troy,
627 1932 651 1979 p.
674 1916 786 1967 eut-270.
803 1917 884 1964 -Ad
906 1915 1041 1964 Menelaum
1064 1917 1115 1965 litis
1135 1918 1244 1978 judicem
1266 1921 1310 1970 illa

186 2005 283 2055 quoque
303 1995 413 2052 spectare
441 1990 540 2038 Pacuvii
567 1989 632 2052 apud
652 1988 756 2038 Nonium
779 1989 914 2052 fragmenta
937 1987 1000 2035 haud
1027 1987 1147 2037 immerito
1170 1991 1308 2052 conjicias:

187 2063 214 2110 1⁰
228 2062 257 2126 (Ι,
273 2077 298 2125 p.
315 2061 371 2123 360)
387 2081 398 2105 a
416 2060 480 2124 quid
494 2059 631 2123 terrefacta
646 2061 696 2109 nael
711 2060 812 2124 patris,
829 2059 909 2122 anjam
935 2059 1018 2121 Opera
1041 2063 1065 2107 tc
1082 2074 1135 2108 ease
1155 2060 1241 2110 uttam
1259 2077 1309 2112 arc-

187 2133 313 2183 tumunt?
325 2153 336 2177 u
347 2133 420 2181 lteete
432 2133 543 2180 Marenen
556 2147 560 2179 :
573 2152 584 2175 «
595 2132 670 2180 verba
681 2130 774 2180 Orestis
785 2131 816 2179 ud
825 2131 959 2179 Menelaum
972 2144 998 2190 »3
1009 2130 1037 2177 2⁰
1048 2131 1076 2193 (l,
1089 2147 1112 2192 p.
1125 2131 1179 2194 tle)
1190 2147 1196 2179 ι
1209 2152 1220 2177 a
1236 2134 1310 2182 l'rta'

187 2205 279 2255 datast
294 2218 374 2268 quara
386 2203 434 2251 tter
449 2203 509 2252 dari
524 2203 605 2261 dicte,
623 2205 758 2267 aartquam
773 2202 1053 2263 rediturnstl’crpamo
1066 2220 1077 2246 n
1091 2217 1096 2250 :
1112 2204 1186 2251 verba
1202 2206 1307 2265 scilicet,

186 2292 230 2326 seu
245 2276 339 2325 Orestis
352 2276 382 2323 ad
399 2275 526 2338 Pyrrhum,
535 2276 605 2324 sicuti
617 2275 668 2323 vult
678 2275 798 2336 Muenna,
814 2275 864 2322 sire
879 2273 981 2323 Menelai
992 2273 1021 2321 ad
1033 2272 1306 2339 Orestem.(Cl.llvo1a.

185 2349 235 2398 lab.
253 2347 325 2411 123.).

217 2420 240 2469 2.
260 2420 291 2468 Ut
311 2419 415 2467 allirmet
439 2418 540 2466 Rreneon
559 2417 752 2466 Andromacham
775 2416 919 2479 Sophoclis,
947 2430 1005 2478 ergo
1035 2416 1135 2465 Pacuvii
1158 2417 1307 2480 Sophoclem

185 2496 277 2552 secuto,
293 2490 389 2538 tabulae
403 2490 552 2552 interfuisse,
566 2491 590 2537 in
606 2489 651 2537 hoc
667 2489 744 2537 solum
758 2489 844 2536 nititur
854 2488 919 2550 quod
935 2488 959 2534 in
974 2486 1068 2536 caelata
1084 2489 1146 2537 cista
1162 2489 1306 2540 Gerhardus

185 2561 389 2619 Andromacham,
405 2561 567 2621 Hermionam,
584 2561 710 2620 Helenum,
725 2560 844 2618 Orestem,
862 2573 892 2607 ex
906 2562 1008 2621 utraque
1023 2563 1092 2621 parte
1106 2575 1183 2623 prope
1197 2562 1306 2624 Neopto-

184 2634 239 2683 lemi
254 2632 371 2681 tumulum
386 2633 519 2692 adstantes,
532 2631 711 2694 repraesentari
726 2631 865 2692 conjecerit.

214 2704 237 2753 3.
254 2704 356 2752 Versum
372 2703 439 2751 illurn
459 2703 519 2751 Livii
533 2703 667 2751 Andronici
685 2703 789 2752 aNonio
808 2703 907 2751 citatum
922 2701 972 2764 (ed.
988 2703 1014 2751 L.
1031 2703 1151 2760 Mueuuea,
1166 2702 1185 2763 l,
1206 2720 1231 2767 p.
1250 2705 1305 2770 155)

183 2777 223 2826 alii
238 2776 309 2825 aliter
328 2775 420 2836 legunt.
939 2803 941 2807 .

214 2848 316 2895 Rreaecrr
330 2845 453 2906 vulgatam
471 2846 574 2908 accipit:
592 2864 603 2888 a
616 2844 724 2893 Obsecro
740 2848 771 2902 te,
787 2844 897 2904 Anciale,
914 2845 982 2892 matri
999 2845 1098 2907 nequid
1112 2850 1168 2893 tuae
1183 2847 1304 2897 advorsus

181 2920 244 2978 luas,
263 2936 274 2961 »
290 2920 314 2965 at
327 2917 363 2964 sic
377 2917 551 2978 iuterpretatur
564 2916 635 2978 quasi
650 2915 822 2963 Andromacha
838 2916 943 2973 adesset,
954 2916 1006 2964 sive
1021 2916 1096 2964 hlium
1115 2931 1187 2965 orans
1202 2932 1233 2966 nc
1247 2934 1303 2968 cum

180 2989 287 3039 inimicis
301 2987 385 3035 matris
401 3002 460 3036 suae
474 2987 605 3035 amicitiam
618 2987 699 3045 iaciat,
717 2987 769 3033 sive
783 3000 883 3035 mouens
900 3000 962 3048 eum,
978 2988 1009 3035 ad
1025 2991 1094 3049 patre
1113 2989 1222 3048 missum,
1239 3004 1303 3052 quo-

180 3061 253 3111 modo
268 3075 294 3108 se
307 3073 392 3121 gerere
407 3059 509 3121 alloqui
526 3059 614 3106 debeat
628 3058 779 3106 adolescens.

210 3132 300 3180 Verum
315 3130 435 3190 conjicere
452 3143 548 3192 quoque
568 3130 640 3177 liceat
661 3130 707 3178 hoc
727 3142 779 3176 esse
799 3128 885 3190 Pyrrhi
911 3130 1036 3178 morientis
1060 3132 1175 3190 verbum,
1202 3146 1300 3195 servae,

179 3218 251 3267 quam
272 3202 366 3250 sidetem
381 3215 477 3264 semper
491 3204 606 3262 expertus
621 3201 660 3262 sit,
678 3200 755 3248 hlium
776 3199 930 3262 alloquentis
948 3201 1117 3264 hortantisque
1134 3203 1218 3252 vivide
1238 3205 1301 3253 ado-

180 3275 313 3324 lescentem
331 3277 356 3321 ut
370 3277 471 3321 matrem
486 3272 550 3320 colat
564 3286 592 3320 ac
607 3276 711 3320 tueatur.

210 3346 279 3408 Legit
293 3349 372 3393 autem
387 3344 414 3394 L.
434 3344 562 3393 Murteae:
579 3362 590 3386 a
611 3343 751 3402 Obsecrato,
774 3343 883 3402 Anciale,
902 3344 973 3392 matri
988 3358 1018 3392 ne
1035 3344 1093 3406 quid
1107 3349 1163 3393 tuae
1178 3346 1300 3396 advorsus

179 3419 238 3466 luat.
256 3435 268 3460 ι)
284 3417 352 3476 Quod
368 3417 389 3463 si
403 3417 558 3478 conjecturae
574 3415 614 3462 isti
632 3414 750 3463 adsentiri
766 3416 907 3476 debeamus,
924 3415 1108 3464 Andromachae
1126 3417 1228 3466 verbum
1243 3433 1300 3468 esse

177 3488 256 3550 possit
272 3487 346 3534 hlium
363 3486 484 3534 hortantis
500 3489 525 3533 ut
540 3485 659 3547 Pyrrhum
676 3499 761 3534 rursus
775 3487 828 3548 ipse
848 3487 990 3534 obsecretur
1007 3489 1162 3550 receptivae
1182 3504 1241 3537 suae
1256 3490 1298 3538 in-

177 3559 261 3606 tensus
276 3558 325 3615 fiat,
343 3561 426 3619 utpote
440 3558 481 3619 qui
496 3558 526 3605 ab
542 3557 671 3605 llermiona
686 3561 710 3605 et
724 3557 834 3606 Menelao
848 3558 968 3605 adversus
983 3558 1048 3605 illam
1061 3559 1177 3607 incensus
1190 3561 1230 3608 sit.
1248 3561 1298 3611 Sed

176 3634 201 3678 et
214 3633 294 3677 textus
309 3628 388 3676 adhuc
398 3629 516 3687 incertus,
532 3642 577 3676 nec
591 3629 673 3675 minus
688 3629 780 3678 incerta
794 3630 972 3677 commentatio.

207 3700 230 3749 l.
248 3700 405 3748 Nmonrenuu
422 3701 446 3747 in
461 3698 627 3762 Neoptolemo
648 3705 816 3761 argumentum
831 3700 896 3748 idem
911 3699 1015 3761 elegisse
1031 3716 1101 3764 quam
1118 3702 1260 3752 Seruaeueu
1273 3706 1298 3753 in

175 3772 310 3831 Phoenice,
322 3799 351 3807 —
361 3771 386 3819 id
397 3776 435 3819 est
444 3771 593 3833 Neoptolemi
609 3771 727 3833 protectio
743 3771 773 3820 ad
785 3771 895 3819 Graecos
910 3772 1005 3833 Trojam
1016 3773 1167 3834 obsidentes,
1179 3802 1209 3811 —
1222 3776 1298 3825 Wun-

174 3859 243 3904 enea,
259 3844 357 3892 Aunens
369 3847 393 3890 et
407 3843 519 3891 Waeuen
532 3843 696 3890 consentiunt.
714 3842 758 3905 (Ct.
776 3843 898 3901 Waoaan,
916 3858 939 3905 p.
956 3843 1020 3906 tua.)
1037 3872 1068 3880 —
1082 3845 1117 3892 lle
1136 3847 1296 3897 Anrrruoarrs

176 3915 361 3965 Andromache
377 3915 436 3962 nihil
453 3915 490 3962 vel
511 3915 584 3962 etiam
600 3914 705 3961 divinari
729 3914 815 3964 ausim.
841 3915 876 3962 De
900 3930 947 3976 qua
968 3916 1023 3963 vide
1048 3916 1170 3976 Waanan,
1189 3933 1213 3980 p.
1232 3919 1294 3981 106,

171 3987 280 4046 Karena,
300 3987 366 4035 fltst.
389 3987 448 4035 crit.
472 3988 542 4048 trop.
567 3999 618 4050 912,
641 4000 665 4047 p.
688 3984 742 4045 201,
767 3985 821 4034 204.
837 3986 890 4034 Non
910 3987 980 4034 video
1000 3987 1058 4049 quid
1082 4002 1171 4037 causae
1195 3991 1226 4038 sit
1251 4006 1295 4041 cur

172 4058 267 4120 Kayser
283 4058 397 4119 conjiciat
411 4076 422 4101 o
439 4057 481 4104 vix
496 4057 563 4104 aliud
578 4062 745 4118 argumentum
762 4076 773 4100 υ
789 4057 812 4104 in
828 4057 873 4106 hac
893 4058 975 4106 tabula
996 4079 1007 4103 o
1024 4073 1096 4121 quam
1121 4061 1251 4122 Euripides
1269 4064 1294 4111 in

171 4130 339 4192 cognominato
354 4130 487 4178 dramate»
503 4129 678 4191 Antiphontem
692 4129 844 4178 tractavisse.
862 4130 899 4176 An
914 4131 972 4192 quia
986 4131 1011 4178 in
1026 4132 1130 4192 quodam
1151 4133 1294 4183 Aristotelis

170 4199 287 4249 Poeticae
301 4199 361 4261 (rur)
377 4199 430 4247 loco
446 4198 549 4248 Orestes
564 4200 627 4247 inter
650 4199 762 4247 heroicas
777 4204 865 4262 gentes
890 4214 952 4262 quas
974 4202 1116 4263 plerumque
1131 4205 1217 4266 tragici
1233 4209 1293 4254 tem-

170 4272 239 4333 poris
259 4271 297 4318 sui
318 4274 458 4326 tractarent,
471 4271 629 4319 nominatur?
650 4270 708 4318 Nam
729 4286 758 4319 ex
780 4270 875 4320 Ethr'ce
890 4271 1021 4321 Eudemia
1035 4287 1082 4330 vn,
1098 4272 1126 4332 l,
1142 4275 1202 4322 nihil
1223 4277 1291 4326 aliud

170 4342 343 4405 comperimus,
359 4342 406 4389 nisi
422 4342 616 4391 Andromacham
631 4342 789 4405 Antiphontis
804 4342 941 4392 vehementi
957 4345 1060 4406 quodam
1082 4345 1137 4407 (sed
1162 4360 1219 4409 quo,
1236 4363 1293 4398 nes·

171 4412 257 4478 aimus)
272 4413 360 4463 attactu
375 4414 451 4463 luisse
466 4419 569 4476 captam.
