2940 5076
544 368 641 415 meur
666 369 815 416 rnnrruu.
1199 346 1242 412 ct

120 541 341 625 verecundia,
372 541 546 630 Vergilius
576 566 612 610 se
635 549 788 634 praestat
815 566 894 612 eum
925 531 1096 612 Didonem
1133 543 1242 611 oeulis

121 650 249 719 nostris
277 649 417 738 subjicit
447 678 463 712 κ
485 673 594 719 vacua
619 679 636 714 »
668 652 771 720 domo
800 657 1012 735 contentam,
1042 651 1241 742 stratisque,

122 779 235 847 nuper
253 757 297 824 ab
316 762 430 824 amato
450 758 523 824 viro
542 757 666 825 relictis
677 763 701 843 ¹,
715 759 944 826 incubantem.
963 759 1082 850 Neque
1102 758 1242 825 tandem

122 864 405 951 diligentissimus
424 865 639 932 obliviscitur
656 871 758 956 poeta
776 865 864 932 illud
883 866 991 933 amori
1007 866 1240 953 conjunctum,

123 995 192 1062 quo
209 971 385 1039 invaditur
403 973 550 1040 amantis
570 974 716 1056 animus,
737 973 828 1040 soliti
846 973 977 1041 laboris
1001 972 1179 1041 fastidium
1199 973 1210 1008 ²
1233 994 1240 1040 :

322 1253 328 1265 ,
386 1206 451 1257 Non
465 1209 586 1270 coeptae
598 1209 761 1270 assurgunt
775 1209 883 1266 turres,
898 1205 970 1258 etc³.
1037 1193 1041 1199 ’

123 1408 222 1479 Unde
250 1412 471 1501 perspicuum
501 1411 549 1492 fit,
578 1411 716 1500 opinor,
753 1413 910 1502 quamvis
936 1412 1037 1478 aliter
1073 1412 1243 1479 senserint

122 1517 291 1600 nonnulli,
307 1541 385 1585 oum
401 1518 548 1585 maxima
561 1541 643 1585 cura
662 1518 812 1587 describi
826 1521 973 1609 punicae
992 1520 1133 1609 reginae
1148 1541 1242 1587 amo·

122 1625 169 1691 ris
188 1625 410 1692 incrementa.
432 1625 525 1692 Nihil
545 1627 635 1692 enim
656 1625 873 1694 desideratur
886 1627 921 1693 in
941 1628 1008 1693 ista
1026 1626 1238 1717 plenissima,

123 1732 203 1801 lieet
212 1732 427 1818 brevissima,
442 1733 667 1825 explicatione
678 1757 798 1806 versus
812 1735 911 1802 istius
927 1734 1024 1802 initio
1034 1736 1217 1826 praemissi
1231 1758 1239 1805 :

465 1966 558 2018 Uritur
572 1965 676 2019 infelix
688 1967 792 2020 Dido...

123 2172 210 2239 Nam
232 2171 405 2261 quomodo
425 2170 480 2237 vel
499 2172 534 2238 in
554 2195 699 2263 corpore
719 2172 790 2256 illa,
812 2174 868 2241 vel
886 2175 922 2239 in
942 2174 1070 2255 animo,
1092 2175 1147 2240 vel
1167 2175 1238 2264 pri-

122 2279 229 2346 vatim
248 2279 303 2346 vel
326 2279 465 2370 publice
486 2306 502 2340 «
523 2285 644 2347 uratur
664 2309 693 2363 n,
720 2280 984 2368 diligentissime
1012 2280 1098 2348 haec
1128 2283 1242 2349 omnia

122 2384 309 2474 Vergilius,
328 2393 361 2453 et
378 2386 487 2453 multo
507 2386 707 2476 diligentius
727 2411 830 2479 quam
850 2388 1055 2479 Apollonius
1077 2393 1110 2454 et
1128 2388 1242 2456 Catul-

123 2495 190 2576 lus,
212 2493 405 2562 edisseruit.

168 2600 472 2670 Vernmenimvero
491 2623 561 2669 non
581 2604 693 2669 solum
713 2602 830 2670 videre
850 2625 911 2670 nos
929 2603 988 2670 ille
1005 2603 1078 2671 vult
1099 2629 1116 2667 <r
1129 2603 1244 2672 furen-

122 2715 231 2778 tem»
259 2709 448 2792 Didonem,
478 2709 540 2777 sad
569 2715 603 2777 et
630 2710 787 2778 misereri
804 2715 876 2777 tam
894 2710 1028 2801 perdite
1042 2710 1245 2784 demersam

121 2818 159 2884 in
177 2839 331 2885 amorem
359 2840 463 2908 quem
494 2817 679 2885 infeliciter
708 2840 949 2886 successurum
978 2802 1053 2884 esse
1083 2819 1244 2886 sciamus.
1334 2906 1337 2912 Ι
1438 2820 1444 2835 ‘

87 2987 92 2996 .
122 2924 212 2992 Illud
232 2926 324 2992 enim
343 2931 421 2993 ante
441 2926 567 3010 omnia,
585 2925 674 2997 siout
693 2948 799 3016 supra
818 2925 917 3019 coepi
936 2924 1131 3009 ostendere,
1149 2926 1246 2994 cordi

121 3033 244 3115 habet,
277 3040 314 3100 ut
349 3038 468 3100 nostra
503 3034 660 3125 peccanti
696 3034 845 3101 feminae
875 3034 1129 3116 benevolentia,
1162 3034 1243 3123 quin

155 3303 178 3354 1.
196 3303 237 3352 Sic
251 3303 315 3352 enim
329 3318 369 3352 vv.
383 3302 492 3363 steen
508 3302 630 3366 plerisque
645 3318 709 3352 nunc
719 3304 894 3369 interpretibus
905 3306 939 3369 (v.
953 3307 1081 3366 Fonareea,
1098 3303 1246 3370 Corrrrrmorr)

122 3375 304 3438 intelleguntur.
317 3375 369 3434 Qua
382 3380 462 3424 autern
477 3378 556 3423 mente
570 3374 633 3423 Dido
648 3376 672 3423 in
687 3376 819 3436 lectum,in
834 3391 882 3440 quo
892 3392 946 3426 cum
961 3379 1044 3427 Aenea
1058 3392 1156 3427 mensae
1171 3392 1244 3426 accu-

121 3448 217 3506 buerat,
226 3451 402 3509 prosternatur,
412 3446 513 3496 Omeros
522 3446 576 3494 tuse
586 3460 614 3495 ac
624 3446 748 3497 liberrime
756 3448 871 3511 explanat
884 3449 964 3511 (Heu,
973 3464 998 3508 x,
1010 3449 1039 3497 51
1050 3462 1114 3512 sqq.;
1123 3463 1167 3509 xv,
1177 3447 1242 3507 149).

154 3519 178 3570 2.
196 3519 246 3568 Nec
260 3518 383 3581 Vergilius
403 3518 462 3568 alibi
480 3518 590 3566 indicare
604 3519 694 3567 omittit
710 3519 799 3582 quibus
818 3520 911 3568 intenta
930 3520 1056 3570 laboribus
1078 3521 1151 3570 tuerit
1168 3519 1242 3579 Dido,

122 3590 203 3654 quoad
218 3585 339 3641 duravere
353 3590 436 3640 felices
448 3589 525 3639 mutui
539 3589 611 3639 istius
626 3591 716 3640 amoris
730 3591 784 3641 dies
800 3605 806 3640 :
820 3592 851 3642 cf.
868 3591 909 3654 1v,
924 3591 972 3640 262
987 3606 1040 3655 sqq.
1058 3607 1064 3640 :

388 3724 499 3780 Tyrioque
512 3722 615 3779 (Aeneae)
628 3723 721 3768 ardebat
734 3725 819 3770 murice
832 3726 893 3769 laena

387 3786 488 3830 Damiasa
501 3797 526 3828 ax
537 3785 644 3839 humeris,
657 3786 722 3830 diras
735 3799 791 3842 quae
801 3799 894 3831 munera
908 3787 963 3831 Dide

388 3849 488 3903 Fecerat,
503 3854 525 3892 et
540 3849 602 3892 tenui
616 3849 672 3892 telas
682 3849 819 3894 discreverat
831 3862 894 3894 auro.

388 3984 445 4027 Tum
456 3984 557 4040 gaminae
571 3988 653 4038 vestae,
666 3988 728 4027 ostro
739 3997 837 4040 auroque
849 3985 947 4041 rigentes

388 4045 475 4090 Extulit
483 4046 576 4099 Aeneas,
585 4058 641 4101 quaa
653 4045 685 4090 illi
699 4048 760 4091 laeta
770 4048 878 4091 laborum

388 4109 438 4164 Ipsa
451 4109 498 4152 suis
510 4109 621 4164 quondam
630 4109 733 4153 manibus
746 4108 836 4153 Sidonia
848 4109 904 4153 Dido

387 4171 484 4224 Fecerat,
497 4177 539 4215 ate.

153 4297 177 4346 3.
195 4297 271 4356 Quam
286 4298 383 4362 quidem
397 4296 574 4360 neglegentiam
589 4311 617 4346 eo
632 4299 709 4360 magis
720 4299 798 4349 lector
813 4303 911 4363 stupere
926 4301 1059 4363 debetque
1074 4300 1151 4361 magis
1164 4299 1243 4347 inten-

122 4371 258 4503 tgpppegiis
272 4370 388 4434 operibus
398 4368 450 4417 suis
465 4367 583 4417 Didonem
590 4367 714 4432 Vergilius
729 4385 804 4434 supra
813 4372 963 4422 ostenderat.
976 4371 1024 4435 (Cf.
1034 4371 1052 4430 l,
1065 4369 1120 4429 504,
1129 4368 1175 4419 507
1185 4383 1240 4433 sqq.
