2940 5076
600 383 872 434 mmmm
1251 359 1295 427 ὦ

173 578 252 624 cum
271 558 316 626 ab
334 559 518 650 Apollonio
537 560 769 644 informatam,
792 560 820 625 si
838 559 937 626 nobis
958 562 1072 624 mente
1092 577 1293 646 repraesen-

172 671 245 732 tare
275 666 503 750 voluerimus,
536 668 774 754 indignantem
805 667 1000 733 videbimus
1034 664 1127 753 quod
1174 664 1295 730 delusa

173 778 438 864 contemptaque
463 775 577 855 suerit,
607 775 896 856 stomachantem,
919 774 1067 862 denique
1092 772 1292 840 furentem:

172 881 399 948 «lacrimas»
418 883 601 966 vercillas‚
621 889 654 949 et
674 885 856 969 «gemitus
875 910 904 964 »,
923 887 957 947 et
977 908 993 941 ι(
1015 880 1115 946 fletus
1133 907 1149 940 ιι
1168 878 1294 967 quihus

173 987 342 1055 Didonem
366 989 524 1078 saepius¹
547 990 733 1057 indulsisse
759 991 814 1056 vel
842 992 932 1056 inter
957 993 1145 1055 commotos
1164 987 1294 1051 irarum

173 1100 287 1164 aestus
314 1095 487 1183 Vergilius
510 1098 608 1180 fecit,
631 1099 708 1188 quis
736 1098 878 1165 Medeae
909 1099 1022 1188 pictor
1047 1100 1106 1162 aut
1129 1094 1292 1185 sculptor,

172 1201 261 1268 lecto
281 1202 446 1292 Euripide
466 1202 521 1269 vel
536 1202 755 1295 Apolloni0²,
777 1203 956 1291 adfingat?

219 1307 429 1376 Catullianae
445 1309 586 1399 quidem
605 1310 779 1378 Ariadnae
791 1334 859 1383 non
880 1311 1004 1380 desunt
1023 1309 1202 1390 lacrimae,
1229 1306 1295 1372 nisi

169 1417 279 1502 magis
299 1417 439 1507 proprie
459 1417 659 1485 lacrimulae
684 1418 850 1485 dicendae
871 1420 949 1485 sint.
974 1417 1061 1483 Nam
1082 1415 1216 1482 etiamsi
1234 1414 1294 1479 illa

171 1524 205 1588 in
222 1522 330 1590 multo
349 1523 542 1590 horridiore
563 1525 763 1592 condicione
784 1532 835 1593 est
855 1547 958 1615 quam
979 1524 1087 1624 Dido,
1110 1562 1153 1570 -
1172 1525 1291 1611 utpote

170 1629 226 1695 cui
238 1652 321 1695 vera
339 1631 528 1697 intentetur
546 1633 582 1697 in
602 1632 739 1701 deserta
766 1632 880 1699 insula
914 1630 1081 1711 solitudo,
1107 1669 1151 1679 -
1178 1635 1293 1694 tamen

149 1736 280 1802 multo
300 1737 412 1804 minus
433 1719 501 1805 alte
522 1738 652 1821 dolere,
675 1741 782 1806 multo
808 1739 922 1805 minus
951 1729 1083 1804 si'ncere
1113 1735 1295 1803 lamentari

170 1842 341 1909 videtur³.
357 1843 442 1911 Tam
463 1871 479 1905 ιι
494 1844 672 1932 frigiduli⁸
689 1874 704 1908 a
723 1846 772 1936 (ut
788 1845 1017 1913 Catullianum
1033 1844 1179 1910 verbum
1191 1864 1292 1908 usur-

171 1949 264 2040 pem)
287 1952 457 2036 singultus
488 1975 527 2018 ex
553 1953 645 2021 illius
677 1976 735 2020 ore
767 1959 908 2036 exeunt,
938 1957 976 2018 ut
1006 1972 1185 2040 nunquam
1212 1971 1292 2015 vere

173 2056 314 2123 credere
338 2057 399 2123 illa
421 2059 597 2138 videatur,
628 2082 663 2125 se
688 2061 856 2146 jamnunc
884 2087 899 2120 «
922 2057 1178 2124 dilacerandam
1197 2055 1291 2138 loris,

172 2163 379 2254 alitibusque
400 2165 585 2255 praedaml
604 2194 620 2227 »
637 2167 771 2258 projici.
795 2166 963 2256 Loquitur
983 2163 1123 2253 quidem
1142 2163 1295 2229 Ariadna

171 2271 214 2336 de
237 2271 384 2339 instante
405 2278 529 2356 morte,
552 2274 614 2339 sed
633 2274 736 2361 longe
757 2275 854 2340 abest
873 2280 922 2357 ut,
944 2272 1051 2338 veluti
1070 2271 1170 2352 Dide,
1192 2293 1294 2359 prae-

171 2382 345 2444 maturum
370 2379 497 2446 exitum
523 2386 689 2470 tanquam
713 2386 866 2471 optatam
894 2380 1135 2446 liberationem
1161 2378 1291 2460 aceiat3

202 2633 851 2720 mmmmmmmmmm

200 2725 225 2775 2.
238 2726 319 2777 Euam.
336 2727 415 2788 Med,
429 2727 460 2776 37
475 2742 520 2792 sqq
536 2741 542 2774 :

466 2884 555 2944 βαρεῖα
571 2880 619 2947 γὰρ
634 2882 706 2947 φρὴν,
723 2876 886 2941 οὐδ’ἇνὲξεται
901 2890 986 2939 κακὼς

465 2953 618 3019 πάσχουσα,

170 3103 249 3167 inquit
265 3104 319 3166 ejus
333 3105 425 3154 nutrix.
442 3105 478 3156 Cf.
497 3105 559 3167 171,
577 3107 630 3169 172,
644 3107 697 3157 797.
715 3109 751 3157 De
765 3110 882 3158 caedibus
897 3108 928 3157 ab
943 3122 972 3156 ea
987 3107 1102 3169 patratis,
1117 3119 1142 3154 v.
1159 3104 1213 3165 167,
1229 3103 1293 3164 4863

170 3176 201 3225 de
215 3175 316 3237 magicis
330 3177 439 3235 artibus,
456 3192 481 3227 ν.
497 3179 557 3237 285,
575 3179 629 3228 292.
647 3181 729 3242 ltaque
747 3181 788 3228 vir
808 3181 979 3229 subindicatur
993 3179 1063 3226 dolor
1082 3179 1136 3239 ejus
1151 3192 1174 3226 ν.
1189 3175 1236 3237 21,
1252 3175 1292 3226 30.

171 3273 200 3282 -
216 3246 262 3293 Vix
278 3252 396 3309 apparent
416 3263 471 3296 rara
485 3251 568 3298 amissi
585 3252 682 3300 Jasonis
698 3254 789 3300 amoris
804 3251 929 3300 desideria
943 3252 976 3315 (v.
988 3250 1042 3309 196,
1059 3248 1113 3297 197,
1131 3247 1167 3295 Cf.
1184 3248 1248 3311 588).
1264 3275 1295 3283 -

170 3317 237 3365 ldem
252 3318 302 3365 lere
318 3321 397 3379 potest
413 3320 573 3369 animadverti
590 3323 614 3370 in
629 3323 792 3385 Apolloniam
806 3323 900 3381 Medea,
915 3322 1012 3385 quando
1028 3321 1133 3384 (Arpoa,
1150 3319 1191 3378 IV,
1202 3335 1225 3368 v.
1236 3318 1294 3367 350-

169 3388 226 3451 393)
243 3389 353 3451 queritur
367 3391 432 3452 quod
452 3390 510 3439 taso
527 3394 676 3458 comitesque
693 3395 730 3442 sui
745 3395 858 3443 dubitent
878 3409 932 3442 num
947 3394 1024 3456 ipsam
1043 3393 1091 3440 siut
1108 3391 1224 3440 relicturi.
1241 3391 1295 3438 Non

172 3460 251 3518 dolet,
268 3474 315 3507 uon
337 3460 490 3521 lamentatur,
507 3464 550 3512 sed
569 3479 666 3513 suorum
682 3466 798 3514 ultionem
819 3471 874 3514 ante
894 3466 973 3513 omnia
992 3463 1149 3519 reformidat,
1166 3462 1294 3525 proditura

171 3535 195 3580 et
210 3532 305 3593 ingrato
321 3531 389 3579 heroi
405 3532 532 3594 irascitur,
549 3535 621 3584 immo
642 3538 750 3599 magicae
765 3551 823 3585 suae
839 3537 960 3600 potentiae
978 3549 1069 3583 memor
1084 3534 1208 3583 atrocibus
1223 3533 1295 3580 minis

171 3602 282 3664 indulget
297 3602 331 3664 (ν.
347 3601 392 3651 381
409 3605 473 3668 sqq.)
490 3620 496 3653 ε

466 3676 513 3735 Ὧς
529 3673 737 3742 φάτ’ἆναζεὶουσα
753 3676 831 3743 βαρὺν
847 3683 933 3744 χόλον·
950 3678 998 3730 ἵετο
1014 3679 1082 3742 δ’ἢγε

403 3751 451 3808 νῆα
466 3750 613 3812 καταφλέξαι
627 3752 668 3802 διά
681 3754 704 3800 τ’
720 3753 812 3815 ἔμπεδα
827 3751 910 3802 πάνπα
925 3751 1041 3809 κεάσσαι,

409 3813 433 3867 ἓν
444 3819 470 3871 δὲ
482 3830 564 3871 πεσεῖν
581 3819 642 3884 αὐτὴ
657 3828 756 3890 μαλερῷ
772 3821 839 3886 πυρί.
855 3824 919 3873 Τοῖα
934 3823 1041 3886 δἻήσων

406 3891 533 3956 μειλιχίοις
550 3888 661 3946 ἐπέεσσιν
676 3895 823 3953 ὑποδδείσας
837 3895 1025 3959 προσέειπεν...
1045 3911 1057 3940 ν

204 4011 323 4071 Quantum
346 4015 475 4076 prohibeat
489 4019 583 4079 magica
598 4020 637 4067 illa
658 4020 758 4068 Medeae
774 4020 889 4082 potentia,
907 4047 937 4056 -
956 4035 1003 4083 qua
1023 4018 1121 4081 quidem
1136 4015 1235 4086 saevius
1249 4015 1295 4063 uti-

172 4086 220 4142 tur,
236 4112 268 4120 -
281 4100 310 4133 ne
324 4087 492 4136 misericordia
505 4090 634 4151 legentium
649 4092 669 4140 ei
688 4092 839 4150 concilietur,
850 4093 958 4140 ostendit
971 4093 993 4140 1.
1010 4091 1116 4148 Graiam,
1129 4088 1230 4136 Etudes
1248 4101 1296 4135 sur

174 4153 201 4202 lu
214 4155 300 4204 l'oe‘sie
314 4172 435 4221 presque,
453 4174 476 4220 μ
490 4159 600 4208 332-335.

204 4224 226 4273 a
240 4226 276 4278 Ct,
292 4243 358 4287 imv,
375 4228 427 4287 136,
444 4229 498 4292 202,
509 4231 563 4279 alu.
581 4258 610 4268 -
626 4233 704 4281 Sensu
726 4234 798 4281 etiam
817 4248 902 4282 carere
917 4234 970 4296 ejus
985 4234 1097 4296 querelae
1113 4231 1234 4289 videntur,
1250 4243 1295 4279 neo

175 4298 234 4344 satis
249 4299 423 4361 intelleguntur
437 4317 477 4349 vv.
495 4303 540 4353 182
555 4317 607 4366 sqq.

205 4367 227 4415 1.
244 4384 308 4428 cmv,
321 4369 374 4419 162.
392 4398 423 4406 -
438 4372 473 4422 Cl.
490 4372 519 4421 61
540 4375 659 4423 :maestis
675 4375 763 4423 Minois
780 4375 873 4425 cecilie.

205 4438 229 4487 5.
245 4454 308 4501 cmv,
328 4440 444 4494 152-153.
