2940 5076
227 360 271 426 72
487 416 488 420 ,
683 377 761 426 rans
784 376 889 425 rmou.

271 555 372 623 Adde
391 554 486 645 quod
504 576 545 622 ea
565 554 720 637 crimina,
742 575 830 643 quae
850 552 1016 619 adversus
1031 571 1111 618 eum
1123 548 1211 616 Dido
1223 549 1347 636 injicit,

227 685 295 730 non
320 663 434 730 omnia
450 663 581 752 pariter
596 661 690 748 justa
712 682 860 750 veraque
880 659 1073 726 videantur.
1098 658 1235 748 Quippe
1259 678 1349 747 quae

229 798 245 832 u
276 770 446 861 perfidum
476 797 492 832 »
519 791 597 836 eum
623 768 718 836 haud
747 767 853 834 semel
882 768 1045 833 nominet.
1070 767 1123 833 Au
1153 787 1234 831 vero
1268 765 1352 854 quie

227 879 416 967 improviso
435 883 469 944 et
488 877 642 943 clanculo
662 876 781 962 fugere
801 875 930 942 voluit?

444 1108 622 1159 Dissimulare
637 1108 726 1161 etiam
740 1108 862 1174 sperasti,
880 1106 997 1173 perfide,
1014 1110 1131 1158 tantum

445 1191 533 1242 Posse
548 1188 641 1253 nefas,
657 1189 803 1254 tacitusque
817 1203 877 1239 mea
892 1185 1015 1238 decedere
1029 1185 1121 1236 terra?

273 1396 318 1461 At
343 1417 446 1485 supra
466 1395 600 1465 monuit
625 1399 727 1486 poeta
746 1416 814 1461 uon
839 1394 877 1460 id
895 1415 970 1462 esse
996 1393 1134 1459 Aeneae
1154 1389 1351 1458 consilium.

228 1501 415 1593 Imperavit
435 1524 516 1569 sane
535 1502 595 1568 ille
618 1499 797 1606 Mnestheo
827 1499 1058 1590 Sergestoque
1081 1527 1096 1562 α
1123 1499 1269 1565 classem
1290 1519 1355 1586 ap-

227 1614 341 1676 tarent
358 1610 452 1676 taciti
473 1638 489 1672 »

657 1737 687 1786 et
701 1744 776 1799 quae
791 1733 878 1785 rebus
893 1731 933 1784 sit
944 1742 1034 1785 eausa
1048 1730 1192 1783 novandis

382 1812 620 1878 Dissimulent3...

227 2043 349 2088 verum
377 2023 509 2089 interca
531 2023 750 2112 quaesiturus
765 2023 839 2113 ipse
865 2026 916 2089 est
937 2025 1054 2111 aptam
1077 2019 1292 2086 occasionem
1313 2024 1352 2086 ut

228 2151 264 2195 se
295 2128 529 2220 profecturum
552 2128 678 2196 Didoni
702 2130 850 2217 ingenue
882 2129 1075 2208 denuntiet3
1106 2128 1155 2192 ita
1179 2130 1217 2192 ut
1243 2125 1350 2214 paulo

229 2233 309 2327 post
326 2237 418 2304 istud
437 2236 609 2304 affirmare
628 2236 723 2305 haud
741 2237 912 2303 immerito
934 2236 1066 2326 queat‘:
1160 2269 1164 2274 ·

676 2469 772 2522 neque
787 2469 839 2523 ego
850 2457 927 2510 hauc
942 2455 1121 2514 abscondere
1135 2453 1212 2509 furto

371 2538 499 2604 Speravi,
514 2551 552 2592 ne
567 2537 654 2603 finge,
668 2537 799 2604 fugam...

273 2731 327 2805 Au
351 2745 443 2804 vero
457 2741 599 2827 propter
621 2734 686 2802 hoc
713 2762 729 2797 α
755 2734 978 2825 perfidiam»
1008 2733 1083 2821 ejus
1099 2731 1196 2809 Dido
1215 2733 1352 2800 incusat

229 2846 311 2935 quia
330 2845 446 2912 datam
465 2843 570 2911 fidem
592 2843 788 2910 violaverit?
806 2842 852 2909 At
869 2862 1047 2932 nunquam
1067 2840 1216 2923 dedisse,
1239 2845 1273 2906 et
1290 2840 1354 2907 illa

229 2953 306 3041 ipsa
324 2956 493 3019 testantur
508 2972 596 3040 quae
611 2951 708 3040 prius
722 2949 875 3016 narravit
889 2954 1002 3040 poeta,
1019 2953 1052 3016 et
1062 2948 1197 3015 Aeneas
1211 2969 1352 3038 quoquc

227 3059 322 3126 idem
341 3051 523 3149 profitetur
544 3058 660 3147 (quem
680 3055 820 3148 quidem
840 3057 975 3124 mentiri
995 3078 1063 3123 uon
1082 3062 1352 3122 consentaneum

229 3168 291 3256 est)
315 3189 323 3234 :

614 3292 669 3332 nee
683 3280 818 3346 conjugis
832 3292 964 3346 uuquam

440 3359 598 3413 praetendi
615 3361 716 3413 taedas
730 3365 781 3412 aut
794 3362 866 3413 haec
883 3361 914 3412 in
929 3357 1134 3415 foederarent.

271 3557 403 3625 Auditu
427 3559 469 3625 sit
487 3557 575 3624 illud
589 3558 727 3642 durum,
744 3563 779 3626 et
797 3546 875 3625 cum
888 3580 1011 3648 aspera
1028 3556 1184 3647 trucique
1205 3556 1349 3629 sinceri-

227 3670 296 3731 tate
318 3664 363 3730 ab
381 3664 498 3731 Aenea
528 3667 752 3747 enuntiatum,
783 3665 950 3747 coneed03
981 3663 1203 3730 nihilominus
1231 3668 1348 3730 tamen

225 3793 346 3838 verum
373 3776 436 3840 est.
467 3771 531 3839 Illa
564 3772 670 3858 igitur
702 3772 841 3839 demum
868 3776 947 3839 suut
977 3794 1065 3861 quae
1091 3771 1171 3860 jure
1199 3771 1277 3860 quis
1312 3771 1349 3837 in

225 3878 344 3944 Aenea
377 3878 631 3968 reprehendere
657 3881 778 3969 possit,
809 3881 880 3946 sive
901 3878 994 3968 quod
1022 3901 1175 3945 amorem
1203 3875 1348 3944 Didonis

226 3984 270 4050 ab
299 3985 359 4051 illa
388 3986 454 4051 sibi
485 3985 575 4052 ultro
604 3986 759 4053 oblatum
785 4009 852 4054 non
881 3986 1126 4076 repudiaverit,
1158 3986 1228 4051 sive
1253 3985 1349 4074 quod

226 4091 348 4157 saltem
367 4114 436 4158 non
460 4093 540 4162 satis
561 4093 681 4159 crebro
705 4094 904 4177 monuerit„
919 4114 955 4158 se
980 4113 1157 4183 uunquam
1180 4113 1255 4158 eam
1284 4113 1348 4157 vo-

226 4202 382 4265 caturum
398 4221 472 4266 esse
495 4227 510 4262 «
527 4201 727 4287 conjugem3
748 4228 764 4262 »
784 4239 828 4250 -
847 4199 1075 4267 difficiliorem
1088 4222 1171 4267 vero
1192 4227 1208 4260 «
1231 4198 1346 4265 medio

227 4303 270 4370 de
289 4305 382 4372 fonte
401 4306 560 4397 leporum
580 4334 596 4368 »
618 4306 928 4375 admonitionem...

272 4409 372 4494 Quod
397 4414 425 4483 si
453 4414 602 4503 denique
628 4436 748 4481 causas
767 4415 979 4505 inquirentes
996 4437 1056 4482 cur
1074 4420 1251 4505 tantopere
1271 4413 1345 4505 ple-
