2940 5076
182 362 246 428 154
652 378 825 426 conclusio.

179 556 235 622 vel
259 556 361 622 etiam
389 554 541 621 indolem
567 555 700 645 priores
730 558 852 644 poetae
881 558 940 619 aut
965 553 1120 620 historici
1146 554 1295 622 tradide-

179 667 267 745 rant,
286 662 389 750 longe
408 668 522 729 tamen
542 661 640 727 abest
658 667 697 728 ut
715 661 772 727 ille
793 662 944 747 integras
965 661 1148 750 acceperit,
1172 661 1297 728 crudas

177 769 380 837 reddiderit.
406 770 449 836 Et
477 769 506 835 si
531 768 606 835 aliis
632 768 773 858 quidem
792 769 826 834 in
847 768 1004 859 partibus
1031 769 1202 858 poematis
1229 770 1295 852 sui,

177 877 391 967 -exempli
419 878 531 964 gratia
562 877 596 942 in
625 898 742 942 rerum
772 880 944 942 mutarum
976 874 1208 965 descriptione
1237 881 1299 944 aut

176 1007 293 1053 rerum
329 988 505 1071 gestarum
536 983 761 1073 explicatione
772 984 795 1066 ¹,
826 1022 869 1031 —
903 982 1057 1049 eruditae
1090 987 1123 1049 et
1154 984 1297 1073 proprie

175 1092 359 1159 historicae
393 1090 589 1177 diligentiae
628 1090 861 1156 testimonium
899 1112 978 1157 eum
1005 1088 1142 1156 dedisse
1170 1090 1294 1174 fateor,

177 1223 254 1266 cum
283 1203 402 1266 contra
426 1198 469 1264 de
489 1199 645 1288 personis
672 1197 876 1284 effingendis
901 1199 1026 1284 agitur,
1048 1219 1138 1284 nego
1167 1219 1298 1289 suppe-

176 1306 282 1373 ditata
303 1306 368 1372 sibi
388 1327 466 1372 eum
485 1305 697 1386 indistincte,
720 1305 801 1394 quia
820 1304 976 1394 antiqua,
1003 1305 1238 1395 adsumpsisse
1263 1311 1299 1372 ct

175 1435 254 1479 cum
274 1435 372 1479 serva
390 1411 541 1502 quadam
561 1410 758 1478 obedientia
781 1412 976 1480 retinuisse.

218 1518 325 1585 Addit
343 1519 425 1585 item
444 1517 595 1606 plurima
614 1518 774 1608 receptis.
795 1519 834 1584 lit
852 1519 887 1584 in
908 1518 1040 1584 Didone
1059 1518 1168 1585 fusius
1189 1542 1298 1609 quam

174 1626 314 1692 brevius
334 1624 515 1691 ostendere
536 1625 626 1690 volui
648 1630 777 1715 quanto
795 1626 978 1691 minutiore
1006 1647 1084 1693 cum
1110 1625 1297 1694 sedulitate

173 1731 358 1821 descripta,
382 1736 509 1820 quanto
530 1731 688 1820 pluribus
709 1732 883 1797 coloribus
904 1738 1025 1798 ornata
1041 1733 1084 1800 sit
1100 1755 1119 1798 a
1138 1731 1297 1820 Vergilio

174 1840 318 1906 amantis
350 1845 384 1904 et
407 1837 571 1928 deceptae
600 1839 747 1904 feminae
775 1839 955 1925 cujusdam
981 1839 1116 1907 indoles
1139 1863 1245 1930 quam
1277 1864 1298 1908 a

169 1946 306 2033 graecis
326 1947 437 2035 poetis
456 1946 537 2026 illis,
559 1968 707 2034 quorum
728 1969 829 2012 succo
851 1949 999 2012 nutritus
1020 1952 1136 2013 noster
1156 1948 1295 2015 dictita-

173 2058 239 2119 tur.
257 2053 393 2143 Quippe
413 2054 472 2142 qui
491 2052 645 2119 adfectus
669 2076 836 2142 personae
857 2053 1029 2138 inductae,
1045 2077 1113 2120 non
1133 2055 1237 2122 modo
1257 2058 1294 2122 in

174 2183 307 2227 summa
327 2171 360 2226 et
379 2183 397 2225 c
417 2160 606 2248 longinquo
626 2160 789 2242 delineet,
803 2160 863 2226 sed
878 2162 1020 2251 propius
1041 2167 1075 2228 ct
1094 2163 1296 2251 perintime

174 2268 293 2334 subtili
317 2267 466 2356 quodam
494 2272 528 2333 et
559 2266 654 2332 tenui
673 2268 834 2356 penicillo
861 2267 1064 2351 adumbret,
1099 2291 1162 2335 uec
1189 2269 1295 2336 modo

174 2396 232 2440 eos
258 2375 293 2440 in
320 2375 393 2440 istis
418 2374 601 2439 momentis
636 2375 793 2463 arripiat,
828 2379 865 2440 ut
902 2376 950 2440 ita
977 2375 1102 2456 dicam,
1130 2380 1164 2441 et
1190 2376 1294 2443 facilc

165 2481 353 2570 exprimat,
384 2481 444 2547 ubi
473 2481 621 2546 maximo
647 2481 781 2547 fervore
811 2486 1020 2564 exaestuent,
1048 2488 1082 2548 et
1101 2483 1200 2572 quasi
1220 2485 1295 2550 vio-

172 2588 263 2654 lente
284 2594 510 2675 emergentes,
533 2611 552 2654 a
572 2588 693 2677 quovis
708 2588 764 2653 vel
782 2589 943 2678 imperito
963 2589 1290 2679 deprehendantur;

171 2734 215 2744 -
239 2695 299 2761 sed
324 2696 426 2761 etiam
451 2694 641 2785 profundos
666 2717 785 2760 eorum
813 2696 947 2762 radices
974 2697 1184 2785 tacitumque
1212 2721 1294 2787 pro·

168 2825 323 2885 cessum,
363 2803 577 2893 pusillasque
616 2804 809 2885 varietates,
846 2794 1146 2893 subobscurasque
1182 2810 1292 2871 muta-

171 2911 280 2976 tiones
299 2915 539 3000 persequatur.

217 3016 318 3098 Quod
343 3023 458 3084 autem
492 3016 726 3083 additamenta
754 3017 820 3083 ista
845 3016 1021 3103 Vergilius
1051 3040 1118 3084 non
1149 3041 1189 3084 ex
1212 3018 1288 3084 aliis

202 3292 224 3343 l.
243 3291 384 3353 Quanquam
405 3293 443 3340 vel
468 3295 491 3339 in
515 3293 552 3340 nis
576 3292 658 3354 optimi
676 3292 772 3353 judices
793 3297 940 3357 censuerunt
959 3306 1069 3354 magnam
1095 3293 1215 3343 interdum
1235 3308 1291 3342 esse

172 3364 272 3426 Vergilii
297 3365 431 3412 libertatem
458 3379 463 3412 ε
486 3363 516 3412 de
539 3378 587 3427 quo
607 3378 630 3413 v.
654 3364 825 3422 limosamns,
851 3377 892 3425 op.
913 3365 965 3423 cit,
982 3383 994 3407 a
1012 3364 1037 3412 Si
1053 3365 1175 3412 Aeneidos
1195 3365 1292 3415 tabulas

171 3448 225 3482 cum
248 3434 278 3481 iis
301 3448 363 3495 quae
380 3435 410 3482 ab
437 3434 616 3496 antiquioribus
637 3433 767 3481 traduntur
783 3447 961 3496 comparamus,
989 3435 1058 3483 tacite
1073 3439 1140 3497 patet
1153 3434 1291 3498 Vergilium

172 3519 263 3553 summo
286 3506 366 3553 studio
390 3507 502 3569 antiques
526 3506 622 3553 tabutas
643 3506 798 3567 repetivisse,
822 3505 866 3552 scd
890 3505 988 3553 easdem
1007 3520 1094 3569 magna
1115 3503 1174 3555 cum¹
1192 3505 1292 3556 licentia

172 3580 288 3626 mutasse.
314 3576 464 3639 lnquireutes
485 3576 596 3629 enimin
622 3577 703 3623 varios
718 3577 807 3624 modos
822 3576 911 3638 quibus
930 3577 1002 3625 nobis
1016 3591 1056 3624 res
1071 3583 1140 3626 actae
1161 3592 1175 3625 a
1193 3578 1291 3639 Latino,

172 3649 253 3696 Turno
263 3649 392 3710 Aeaeaque
405 3649 494 3696 tradita
503 3652 567 3706 sunt,
579 3648 713 3709 reperimus
725 3647 857 3710 Vergilium
869 3647 960 3695 nullum
969 3648 1131 3711 antiquiorum
1141 3649 1291 3710 scriptorum

173 3725 359 3777 secutumesse‚
384 3720 427 3766 sed
450 3720 500 3767 lere
522 3733 609 3766 novam
635 3719 798 3766 narrationem
820 3719 996 3780 composuisse,
1021 3724 1067 3769 etc.
1094 3738 1106 3762 u
1132 3719 1168 3768 cf.
1189 3734 1214 3781 p.
1237 3719 1290 3769 64:

174 3812 186 3836 a
203 3792 276 3839 Nemo
297 3792 406 3853 prolecto
419 3792 449 3838 iis
461 3805 522 3853 quae
538 3791 690 3852 scripserunt
706 3790 893 3850 sainte-Beuum
910 3790 998 3838 Etude
1016 3806 1038 3842 s.
1061 3789 1168 3855 Virpile,
1181 3805 1205 3852 p.
1223 3791 1290 3842 108:

174 3863 262 3926 Daraps
285 3862 498 3912 at'Haticornusse
522 3877 552 3910 ne
571 3861 649 3925 purte
674 3862 754 3926 qaaere
775 3860 903 3910 td-dessus
922 3865 1071 3911 outrement
1090 3877 1140 3926 que
1161 3862 1289 3926 Virpite...

173 3938 197 3982 ct
212 3934 358 3997 Schwegler‚
376 3935 447 3982 lto'm.
465 3932 565 3992 (lescle,
582 3933 599 3990 t,
618 3932 681 3981 289:
715 3931 797 3997 Virpil
814 3932 884 3995 sotpt
902 3932 929 3981 in
950 3932 1121 3998 altpemcinen
1136 3931 1183 3982 der
1196 3933 1290 3998 herpe-

173 4004 296 4053 bracaren
321 4004 551 4071 Uebertieferan9;
578 4020 628 4052 nur
653 4018 688 4051 cn
712 4003 825 4068 wenipea
846 4002 976 4062 Puniten,
1002 4019 1040 4053 aco
1063 4005 1112 4053 das
1133 4004 1245 4054 dedicat
1261 4021 1290 4056 cr

172 4077 299 4140 forderte,
314 4077 377 4141 pelet
389 4092 417 4125 cr
429 4091 477 4125 von
492 4077 537 4125 ἑὴν
553 4075 586 4124 ab
633 4075 776 4125 consentiet.
793 4074 916 4137 Vergilius
931 4075 1070 4123 nominibus
1084 4076 1148 4123 notis
1164 4090 1223 4124 usus
1239 4082 1290 4138 est,

174 4147 218 4196 sed
239 4150 299 4196 biota
324 4150 446 4197 bominum
472 4149 628 4209 fortunasque
649 4149 716 4194 tanta
736 4147 888 4209 neglegentia
910 4147 1024 4194 tractavit
1047 4152 1072 4194 ut
1095 4161 1126 4196 ex
1147 4147 1186 4195 his
1209 4149 1292 4198 nullus

174 4221 225 4268 lere
246 4225 375 4282 agnoscat,
398 4225 444 4269 etc.
473 4238 484 4263 »
504 4220 547 4278 ln,
564 4219 636 4279 ibid,
654 4234 677 4280 p.
693 4219 708 4265 5
731 4232 736 4264 :
760 4217 858 4265 Etiamsi
874 4218 980 4279 probare
993 4231 1124 4280 possumus
1139 4218 1203 4267 uude
1219 4224 1293 4282 poeta

175 4292 249 4339 multa
264 4292 358 4340 nomina
376 4294 510 4354 multasque
525 4291 619 4338 tabulas
634 4290 762 4352 petiverat,
784 4288 882 4336 minime
905 4289 961 4336 inde
976 4290 1086 4351 sequitur
1096 4290 1188 4338 nullum
1203 4305 1292 4340 nomen

176 4364 312 4426 nullamque
344 4364 449 4412 tabulam
477 4363 529 4425 ejus
557 4361 662 4424 fingendi
693 4359 801 4408 facultati
827 4373 894 4410 suam
918 4361 1036 4424 originem
1061 4361 1184 4412 debuisse.
1211 4381 1222 4405 »ι
1253 4364 1290 4412 Cl.

174 4450 199 4498 p.
215 4435 297 4485 la-to.
