2940 5076
544 397 642 445 cucur
667 398 815 464 ranaruu.
1198 379 1238 444 bl

121 596 371 662 pervacaneam
399 597 473 643 esse
495 576 667 642 constabit
692 576 887 645 machinam
904 573 1012 655 illam,
1035 595 1138 662 quam
1163 574 1240 664 quis

121 682 395 772 primoquidem
418 683 585 773 adspectu
606 683 763 770 judicare
783 681 921 773 queat¹.

167 786 358 878 Oportebat
386 790 477 856 enim
503 789 659 873 Didonis,
681 831 724 840 -
749 811 865 881 quam,
892 791 1060 878 utsupra
1086 793 1241 855 notatum

120 894 197 977 fuit,
220 895 385 981 singulari
404 895 554 987 quadam
575 895 814 964 benevolentia
834 894 1074 985 complectitur
1087 894 1146 960 illc
1165 895 1240 984 ipse

123 1002 181 1090 qui
200 1001 297 1069 finxit
315 1025 390 1069 eam
410 1009 513 1094 poeta
531 1043 575 1053 —
593 1004 950 1094 imprudentissimum
965 1023 1118 1068 amorem
1137 1023 1242 1091 quam

123 1108 268 1174 maxime
301 1111 467 1178 excusari.
501 1111 551 1178 Eo
587 1117 702 1178 autem
726 1113 839 1178 minus
866 1108 1032 1177 invidiam
1060 1109 1249 1176 severioris·
1341 1104 1345 1117 '

121 1215 259 1283 lectoris
281 1244 296 1278 «
314 1218 434 1284 furor²
466 1246 481 1280 a
506 1218 564 1284 ille
582 1219 737 1285 >movebit
757 1217 1111 1308 vituperationemque
1129 1239 1241 1283 mere·
1283 1265 1288 1275 .

121 1321 226 1406 bitur,
250 1324 278 1389 si
298 1324 404 1391 alliis
421 1325 570 1414 impulsa
589 1326 713 1393 elarius
729 1325 939 1416 apparuerit.
962 1322 1052 1404 Quid
1072 1325 1197 1390 mirum

308 1531 368 1570 una
380 1519 448 1572 dolo
462 1520 571 1573 Divum
586 1520 612 1573 si
626 1521 736 1574 femina
750 1521 827 1572 victa
841 1519 966 1573 duorum
984 1521 1051 1572 est‘t

120 1688 338 1777 Purgationis
358 1693 464 1779 igitur
478 1693 544 1760 hoc
564 1699 616 1760 est
635 1695 735 1784 quasi
754 1693 1044 1784 supplementum,
1063 1713 1082 1756 a
1098 1690 1241 1756 Didonis

118 1802 264 1885 patrono
285 1798 476 1889 eodemque
495 1807 595 1891 patre
614 1801 844 1867 adhibitum⁸.
1213 1864 1219 1877 ,

166 1901 234 1970 Sed
264 1911 298 1972 et
324 1912 504 1995 praeterea
531 1908 646 1974 decuit
673 1908 765 1973 hunc
790 1927 873 1992 erga
896 1905 1049 1971 Aeneam
1069 1927 1089 1970 a
1112 1904 1241 1970 Punica

120 2011 242 2096 regina
260 2018 463 2102 conceptum
484 2036 638 2081 amorem
659 2036 762 2104 quam
778 2014 925 2079 maxime
941 2014 1149 2078 concitatum
1166 2033 1240 2077 esse

119 2139 159 2183 ao
179 2126 415 2209 properatum,
436 2143 549 2210 neque
569 2127 684 2188 tamen
712 2121 781 2187 ulla
808 2120 957 2187 debebat
980 2118 1075 2206 injici
1098 2119 1242 2204 legenti-

118 2223 184 2290 bus
204 2227 366 2316 suspicio,
391 2254 407 2288 «
427 2228 521 2318 pium
544 2256 559 2290 a
580 2229 808 2316 Trojauorum
824 2249 1001 2294 sacrorum
1016 2226 1193 2293 custodem
1208 2230 1242 2291 et

119 2329 285 2399 heredem
311 2334 367 2400 vel
393 2335 570 2401 minimam
594 2335 804 2425 impendisse
829 2356 983 2424 operam,
1013 2334 1067 2399 vel
1094 2333 1241 2419 digitum
1302 2379 1304 2383 «

118 2439 266 2506 movisse
296 2445 333 2506 ut
362 2447 547 2508 amaretur.
583 2443 731 2510 Necesse
763 2443 869 2530 igitur
897 2445 970 2507 crat
999 2445 1036 2506 ut
1059 2439 1147 2511 Dido
1168 2440 1241 2506 sola

10 2635 12 2639 Ι
118 2545 273 2613 Aeneam
307 2547 397 2614 ultro
431 2548 573 2633 adiisse,
610 2549 766 2639 petiisse,
794 2549 973 2614 lacessisse
1000 2547 1239 2613 crederetur...

120 2650 219 2732 Quod
240 2658 356 2720 autem
376 2661 413 2721 ut
431 2656 556 2725 melius
576 2656 808 2739 confirmetur,
831 2654 1018 2740 Vergilius
1040 2654 1138 2744 quasi
1159 2675 1240 2720 suae

118 2757 250 2828 diffisus
270 2761 580 2830 describendorum
599 2760 703 2829 animi
718 2763 900 2830 affectuum
921 2762 1077 2852 peritiae,
1095 2761 1185 2828 Deos
1203 2761 1240 2827 in
1306 2752 1309 2758 ’

118 2867 283 2933 auxilium
303 2871 493 2937 arcessivit.

164 2970 323 3041 Celerum
353 2980 449 3066 patet
468 2976 661 3064 Vergilium
692 2977 801 3044 multo
831 2978 944 3043 minus
970 2977 1005 3042 in
1031 2976 1085 3041 his
1114 2976 1240 3041 immo-

71 3077 72 3080 ’
116 3080 189 3146 rari
215 3103 320 3171 quam
338 3083 646 3179 Apolloniumqaut
665 3084 849 3152 Catullum.

116 3199 120 3206 '
161 3187 248 3254 Nam
269 3195 303 3255 et
327 3189 535 3259 Mercurium
561 3216 665 3283 quem
689 3193 734 3260 ab
759 3193 827 3259 alto
852 3190 1000 3282 Olympo
1024 3191 1159 3281 Jupiter
1178 3189 1239 3256 de-

118 3294 212 3360 misit

272 3389 306 3438 ut
322 3391 415 3440 terrae
433 3391 525 3454 utque
539 3400 632 3442 novae
647 3393 768 3454 pateant
783 3388 969 3453 Carthaginis
984 3399 1065 3439 arces

272 3465 403 3551 hospitio
418 3468 552 3533 'fencris2

96 3634 215 3701 'citius
235 3637 361 3704 omittit
384 3640 520 3729 poetal,
548 3643 582 3705 et
600 3661 705 3729 quam
724 3638 928 3705 brevissime
947 3642 1107 3704 navatam
1131 3636 1176 3703 ab
1199 3658 1238 3701 eo

115 3764 260 3832 operam
280 3744 445 3812 describit
467 3770 474 3817 :

148 3936 171 3986 1.
190 3934 251 3986 Vide
273 3937 390 4000 ertam,
411 3941 639 4007 Verpil-Sludieo,
662 3958 686 4006 p.
713 3942 766 3994 158.
790 3943 910 3991 Warouaa
932 3940 1058 4003 Cupidinis
1077 3941 1239 3988 interventum

116 4007 226 4056 inutilem
240 4009 344 4071 judicat,
360 4026 506 4078 causamque
521 4017 574 4078 eJus
595 4017 747 4064 interventus
767 4015 825 4062 nibil
846 4014 912 4063 aliud
932 4027 985 4062 esse
1005 4027 1077 4076 quam
1096 4029 1108 4055 (ι
1132 4010 1239 4060 Selicia-

116 4079 205 4129 mouv.
219 4099 230 4123 »
256 4108 284 4118 .„
309 4082 344 4130 cr.
361 4084 436 4143 aea,
456 4087 473 4144 1,
489 4086 544 4144 aa,
561 4087 615 4144 aaa,
631 4086 686 4144 au,
703 4101 731 4134 ea
748 4100 819 4149 quae,
836 4085 895 4133 saus
908 4085 971 4132 uva
989 4084 1108 4146 profecto,
1129 4081 1240 4130 obtendit

116 4149 250 4212 Vergilius.

148 4221 171 4269 2.
192 4221 297 4272 Verbum
312 4226 456 4289 calseum,
473 4230 498 4276 iu
513 4231 589 4287 Aera,
606 4229 623 4292 1,
639 4229 693 4278 299.

147 4291 172 4342 3.
191 4291 285 4356 Optime
310 4296 340 4345 de
361 4297 542 4357 moliuntur,
567 4299 798 4365 Verpll-Studieu,
816 4317 840 4364 p.
862 4301 916 4360 159,
933 4300 987 4360 160,
1007 4304 1031 4349 et
1053 4297 1198 4357 Couruororu
1214 4296 1239 4344 in

117 4360 192 4422 Aen„
208 4364 223 4412 l.
240 4365 281 4426 lV,
296 4367 395 4417 Nolz'ce¹

149 4432 172 4482 4.
192 4433 228 4484 Cl.
244 4451 272 4485 ea
291 4453 353 4501 quae
373 4439 491 4502 limiam,
511 4441 732 4508 Verpil-Studiea,
748 4457 773 4507 p.
795 4443 907 4506 loa-103,
924 4443 955 4493 de
973 4443 1019 4492 boc
1036 4441 1151 4492 Mercurii
1165 4439 1241 4488 inter-

117 4507 193 4554 ventu
207 4508 311 4558 utilitate
325 4516 396 4561 acute
411 4512 552 4576 disputavit.
