2940 5076
542 357 640 404 carur
663 359 797 404 rniuuu.
1166 337 1229 403 103

153 529 273 620 Neque
296 535 410 596 autem
436 532 501 599 hoc
528 531 571 599 de
599 535 741 600 Arctino
768 542 803 600 et
832 532 963 600 Lesclie
992 531 1229 599 tantummodo

110 636 375 704 existimandum
404 661 539 722 censeo,
562 639 624 708 sed
647 640 745 707 etde
771 639 952 721 Pisandro,
974 662 1078 729 quem
1104 639 1230 723 agVer-

109 744 192 831 gilio
212 745 401 811 secuudum
425 746 585 814 Aeneidis
609 745 737 814 librum
762 753 988 838 componente
1015 775 1030 808 «
1057 768 1166 836 paene
1186 746 1231 812 ad

108 852 254 918 verbum
275 855 521 943 transcriptum
546 883 561 917 »
594 855 696 921 fuisse
717 855 911 923 Macrobius
932 856 989 921 ait.
1015 855 1150 944 Quippe
1171 854 1230 943 qui

108 980 234 1048 poema
253 961 487 1049 composuisse
508 960 642 1028 dicatur
661 962 754 1052 quod
775 991 790 1024 ι(
813 986 832 1029 a
857 963 985 1053 nuptiis
1004 960 1098 1028 lovis
1119 967 1152 1028 et
1171 961 1230 1026 Ju-

109 1067 207 1134 nonis
230 1067 410 1157 incipiens,
432 1068 610 1135 universas
632 1069 793 1136 historias
814 1091 902 1159 quae
927 1068 1049 1135 mediis
1069 1068 1229 1136 omnibus

108 1174 254 1239 saeculis
285 1196 394 1264 usque
423 1174 464 1242 ad
491 1181 638 1242 aetatem
667 1177 775 1267 ipsius
802 1176 960 1243 Pisandri
982 1205 997 1238 a
1025 1175 1231 1261 contigerint

110 1307 125 1343 n
151 1282 186 1346 in
214 1304 319 1348 unam
354 1283 478 1348 seriem
506 1288 640 1350 coactas
667 1312 682 1345 Ι)
716 1285 1012 1374 amplecteretur¹.
1041 1309 1057 1344 a
1091 1281 1128 1348 ln
1161 1305 1229 1372 quo

107 1394 223 1454 autem
246 1411 364 1478 opere,
403 1391 493 1456 inter
530 1396 660 1459 ceteras
685 1391 863 1473 historias,
893 1391 1052 1457 interitus
1091 1413 1229 1480 quoque

108 1494 231 1582 Trojae
259 1496 294 1561 in
320 1495 412 1562 hunc
435 1497 577 1564 modum
601 1499 730 1565 relatus
755 1528 771 1562 »
795 1500 871 1566 luit.
894 1499 969 1565 Non
990 1505 1104 1564 autem
1130 1497 1230 1563 video

107 1602 311 1692 quantulum
330 1603 397 1670 loci
415 1605 450 1670 in
470 1604 530 1670 illa
550 1605 667 1688 densa,
682 1611 720 1672 ut
739 1607 787 1673 ita
805 1605 930 1688 dicam,
946 1611 978 1671 et
999 1626 1108 1695 opaca
1126 1605 1230 1670 totius

106 1711 272 1800 temporis
317 1711 541 1800 mythologici
576 1712 678 1796 silva,
713 1713 852 1780 Aeneae
889 1713 1030 1800 conjugi
1072 1713 1230 1779 relictum

109 1818 329 1906 superfuerit.

152 1923 311 1992 Ceterum
327 1931 405 1992 ante
417 1925 612 2013 Vergilium
626 1927 668 1994 de
689 1928 818 1998 Creusa
833 1928 1005 2021 neminem
1020 1928 1124 1993 fuisse
1141 1926 1231 1992 mul-

106 2037 192 2112 tum,
213 2053 253 2098 ea
268 2032 345 2121 ipsa
360 2032 465 2099 fidem
479 2034 592 2117 faciat,
609 2057 697 2124 quae
718 2035 761 2101 de
777 2036 837 2101 illa
850 2035 994 2101 muliere
1013 2034 1228 2125 pererrabat,

106 2139 235 2206 fabula.
258 2139 394 2207 Etenim
416 2141 587 2228 conjicere
610 2143 710 2209 nobis
734 2144 825 2225 licet,
848 2142 1095 2232 impedimento
1119 2141 1229 2230 poetis

105 2247 211 2313 fuisse
230 2247 368 2314 Aeneae
387 2271 541 2316 uxorem.
558 2249 749 2340 Elapsurae
770 2256 885 2317 autem
900 2256 969 2316 tam
986 2251 1086 2316 citoa
1105 2270 1230 2318 scaena

105 2375 273 2442 personae
302 2355 441 2442 neglegi
469 2357 580 2423 solent
603 2378 624 2422 a
649 2358 781 2447 poetis3
813 2364 883 2424 tam
913 2358 1010 2423 brevi
1036 2355 1225 2438 morituriS,

70 2532 77 2555 ι
104 2463 309 2550 praesertim
333 2461 427 2552 apud
455 2463 625 2552 antiquos
654 2486 752 2530 musa
776 2487 843 2531 non
867 2463 972 2547 favet,
993 2485 1105 2552 neque
1131 2485 1226 2528 ease

103 2568 206 2635 turba
226 2569 371 2637 educere
387 2569 560 2656 dignatur.
576 2570 728 2661 Reputes
749 2570 897 2661 denique
916 2568 1015 2654 illud,
1033 2570 1163 2636 scilicet
1182 2569 1225 2636 de

104 2676 175 2759 illa,
198 2678 262 2743 etsi
283 2677 631 2759 mediocrem,tamen
651 2701 755 2768 quam
774 2679 921 2745 maxime
940 2678 1107 2745 variatam
1120 2678 1225 2747 fuisse

104 2785 319 2851 memoriam.
331 2785 447 2850 Alium
461 2785 552 2850 enim
572 2783 639 2851 alio
658 2785 762 2852 modo
781 2785 964 2852 tradidisse
980 2785 1223 2874 comperimus,

106 2911 192 2979 quos
215 2890 343 2957 liberos
367 2891 576 2980 pepereritl,
601 2913 760 2981 quaeque
788 2892 839 2957 illi
864 2900 943 2982 post
967 2892 1117 2958 dirutam
1141 2891 1226 2958 Tro-

101 2995 175 3082 jam
212 2997 430 3080 acciderint³,
471 2997 527 3063 vel
565 2999 668 3065 etiam
707 2998 800 3089 quod
834 2999 909 3086 ejus
946 3021 1072 3066 nomen
1110 2999 1226 3087 ipsum

104 3103 240 3169 fueriti.
274 3103 407 3185 Quibus
436 3109 552 3170 autem
575 3104 618 3171 de
643 3106 799 3195 personis
822 3128 911 3193 vaga
935 3113 969 3171 et
987 3106 1118 3173 incerta
1135 3105 1228 3171 fama

138 3299 161 3348 Ι.
179 3299 300 3358 blacena,
321 3299 441 3358 Satura„
459 3316 483 3360 v,
499 3301 522 3360 2,
538 3301 561 3352 Ι.

137 3370 161 3419 2.
179 3370 262 3419 Nescit
285 3371 366 3420 Livius
390 3377 470 3420 utrum
485 3371 591 3421 Creusae
612 3384 642 3422 an
669 3373 785 3423 Laviniae
807 3373 873 3422 lilius
897 3373 969 3422 luerit
985 3373 1118 3422 Ascanius.
1142 3373 1170 3436 (l,
1195 3372 1226 3436 1).

10 3468 17 3487 ι
108 3441 214 3490 Creusae
234 3442 401 3492 siliumlulum
420 3442 570 3506 appellata,
590 3442 624 3504 3.)
643 3445 818 3493 -Ascanium
839 3444 978 3504 Diuersus,
999 3445 1096 3492 Aeneae
1110 3443 1229 3493 Creusae-

107 3526 153 3574 que
176 3513 249 3560 tilium
274 3514 391 3561 nominat.
410 3513 462 3575 (111,
484 3513 535 3576 31.)
557 3514 593 3565 Cf.
610 3515 675 3578 apud
696 3515 800 3563 eundem
819 3514 846 3577 (l,
864 3513 904 3572 29,
920 3514 961 3576 30)
980 3515 1061 3562 varias
1085 3515 1229 3576 discrepan-

107 3588 191 3646 tesque
206 3583 237 3632 de
252 3585 335 3633 Aenea
348 3585 503 3648 Ascanioque
516 3585 670 3636 traditiones.
687 3585 805 3634 Hellanici
824 3586 913 3634 Troica
929 3586 1061 3648 Dionysius
1076 3587 1229 3648 potissimum

109 3656 177 3716 sequi
190 3656 294 3705 videtur.

138 3726 161 3774 3.
181 3727 325 3786 Pausanias,
339 3727 370 3787 X,
391 3728 429 3787 26,
446 3729 568 3790 duplicem
588 3727 674 3775 lamam
696 3729 727 3777 de
749 3743 777 3776 ea
793 3728 867 3777 tradit
886 3743 891 3775 :
907 3728 1030 3775 nonnullis
1045 3741 1097 3775 eam
1111 3743 1124 3775 a
1140 3726 1230 3789 Cybela

108 3802 132 3845 et
148 3796 241 3845 Venere
256 3803 433 3858 conservatam,
451 3800 506 3849 aliis
524 3803 617 3860 captam
637 3812 651 3846 a
670 3798 770 3847 Graecis
791 3800 866 3847 luisse
881 3799 1047 3849 narrantibus.
1064 3797 1150 3861 (Quam
1166 3799 1230 3846 enim

108 3868 171 3917 inter
194 3870 301 3929 trojanas
321 3869 430 3931 captivas
453 3871 566 3932 pinxerat
590 3870 740 3933 Polygnotus
762 3871 785 3917 in
812 3870 929 3932 Delphica
950 3869 1062 3932 Lesclre.)
1077 3896 1107 3904 —
1131 3870 1179 3917 Alii
1199 3869 1230 3917 ab

109 3940 190 3987 Aenea
203 3939 331 3987 abductam
348 3940 501 4000 rettulerant,
518 3942 559 3988 alii
580 3940 729 3999 derelictam,
747 3941 805 3989 nilril
820 3942 923 4002 amplius
939 3941 968 3988 de
992 3941 1047 3988 latis
1067 3942 1120 4001 ejus
1139 3954 1230 3989 memo-

108 4015 190 4058 rantes
201 4010 313 4072 (Sresao,
330 4010 394 4070 Xlll,
410 4011 455 4072 53;
472 4012 598 4071 Accianus,
621 4010 679 4061 Ver.
697 4011 771 4069 trist„
786 4011 825 4071 ΙΙΙ,
843 4011 903 4072 122;
920 4013 951 4060 dr
966 4015 1022 4060 aut.
1038 4010 1168 4070 Aru'mal,
1186 4011 1229 4072 ΧΙ,

109 4082 156 4144 lo).
178 4102 189 4126 a
212 4082 319 4130 Fuerunt
338 4084 410 4131 etiam
431 4084 473 4146 qui
495 4083 609 4132 Creusam
631 4084 661 4131 ab
681 4084 734 4145 ipso
754 4084 851 4142 Aenea,
875 4098 903 4132 ex
921 4084 1034 4146 pactione
1056 4097 1109 4131 cum
1130 4083 1231 4131 Graecis

109 4154 183 4211 lactu,
202 4154 307 4201 occisam
328 4154 425 4213 volunt,
444 4168 475 4201 ne
494 4154 549 4217 quis
568 4168 598 4201 cx
619 4155 709 4201 semine
730 4153 819 4202 Priami
839 4159 987 4217 superesset.
1006 4173 1017 4198 a
1034 4154 1068 4201 Da
1085 4153 1142 4212 Vir,
1160 4153 1230 4202 One-

109 4225 235 4272 maaticon
251 4224 285 4287 (v.
304 4223 420 4285 Creusa).

137 4295 160 4343 l.
179 4297 322 4356 Pausanias,
341 4294 373 4355 X,
390 4295 442 4345 26:
462 4295 580 4361 Λέσχεως
596 4296 621 4348 δὲ
640 4296 685 4346 καὶ
705 4295 727 4362 [a
748 4293 865 4359 ποιήσας]
887 4298 932 4360 ἔπη
952 4297 983 4348 τὰ
998 4292 1100 4361 Κύπρια
1116 4296 1228 4348 διδόασιν

109 4364 248 4431 Εὐρυδίκην
262 4376 368 4430 γυναῖκα
380 4363 476 4433 Αἰνείᾳ.
492 4366 579 4414 Eamus
593 4380 689 4430 quoque
705 4366 849 4428 Eurydiccm
865 4368 1006 4431 appellabat
1017 4369 1123 4431 priorem
1134 4368 1231 4418 Aeneae

109 4439 235 4500 conjugem
252 4451 257 4484 :
273 4453 297 4488 v.
315 4438 426 4496 Ssnvms,
440 4438 464 4485 in
479 4436 615 4486 Aeneidem
630 4437 648 4496 1,
663 4435 719 4496 273,
736 4437 776 4496 Vl,
793 4436 832 4487 77.
