2940 5076
255 413 299 480 88
714 435 790 482 runs
815 434 917 483 rurou.

299 608 367 677 Cur
381 614 496 676 autem
512 609 689 676 sicfecerit
701 608 889 694 Vergilius,
903 607 1124 698 perspicuum
1137 615 1200 677 est.
1215 608 1377 702 Oportuit

255 717 346 783 enim
377 717 532 804 legentes
559 715 726 807 paulatim
752 715 879 782 adduci
910 714 956 781 ad
983 716 1249 805 imprecationes
1277 720 1374 804 istas,

254 846 401 915 querum
424 825 535 911 gratia
570 830 681 891 totum
713 822 756 889 de
785 822 918 890 Didone
955 833 1107 894 ἐπεισόδιον
1144 827 1377 916 compositum

252 931 358 998 fuisse
382 930 457 998 fieri
485 935 617 1022 potest;
645 930 793 1020 ideoque
812 930 979 1020 paulatim
1006 935 1040 997 et
1063 931 1175 1021 ipsam
1204 931 1376 1001 Didonem

252 1038 297 1105 ad
315 1038 351 1105 id
366 1040 492 1105 furoris
509 1038 700 1130 procedere
720 1044 814 1105 utne
834 1037 1104 1105 immanissimae
1124 1039 1266 1127 quidem
1280 1062 1377 1108 exac-

251 1150 306 1212 tae
326 1145 371 1212 ab
395 1145 512 1212 Aenea
531 1168 663 1237 poenae
683 1146 800 1212 odium
819 1145 923 1232 hujus
945 1151 977 1210 et
997 1145 1186 1214 ulciscendi
1206 1147 1376 1238 cupidita-

251 1256 321 1318 tem
341 1252 533 1343 explerent,
557 1253 618 1319 sed
638 1257 671 1318 et
694 1252 837 1342 insuper
860 1251 973 1338 gentis
993 1251 1037 1317 ab
1056 1251 1175 1319 Aenea
1193 1259 1290 1321 ortae
1308 1255 1375 1322 im·

251 1380 387 1427 mensas
407 1359 483 1426 dari
503 1364 635 1446 strages
655 1363 845 1449 appeteret.

296 1465 632 1555 Carthaginiensium
656 1466 797 1533 demum
819 1467 925 1553 igitur
949 1488 1027 1533 cum
1049 1466 1213 1534 Romanis
1236 1467 1374 1536 futurae

250 1574 433 1644 simultatis
468 1575 635 1641 memoria
667 1572 873 1660 Vergilium,
916 1578 954 1640 ut
991 1574 1126 1664 opinor,
1161 1574 1296 1642 induxit
1334 1599 1374 1644 ae

250 1680 427 1772 compulit,
450 1686 487 1748 ut
514 1679 602 1747 adeo
627 1679 789 1747 effrenate
810 1679 1071 1747 excandescenti
1098 1679 1225 1748 Didoni
1249 1704 1308 1751 eos
1338 1685 1373 1750 in

249 1790 403 1857 animum
436 1809 573 1871 sensus,
600 1809 641 1854 ea
668 1788 703 1853 in
732 1809 770 1854 os
790 1786 895 1854 verba
919 1786 1087 1875 injiceret,
1114 1810 1203 1879 quae
1228 1789 1372 1880 quidem

248 1919 317 1964 non
344 1896 483 1963 omnino
511 1894 555 1962 ab
576 1895 651 1982 ejus
673 1893 789 1961 indole
817 1894 967 1978 dissona,
998 1917 1067 1961 non
1094 1897 1233 1962 omnino
1254 1901 1370 1965 tamen

248 2026 399 2073 consona
427 2003 618 2070 videantur,
657 2001 726 2070 Sed
756 2007 884 2092 quanto
916 2001 1027 2087 magis
1060 2001 1126 2068 ulte
1156 2002 1251 2069 dolet
1279 2003 1370 2071 Dido

247 2133 351 2201 quam
370 2111 526 2202 priorum
542 2113 723 2200 poetarum
737 2107 878 2177 Medeae
892 2113 926 2174 et
939 2106 1124 2190 Ariadnae,
1137 2113 1232 2175 tanto
1251 2111 1368 2178 minus

247 2217 367 2284 debuit
394 2218 508 2286 irasci.
534 2216 631 2286 Feris
659 2216 733 2284 istis
763 2215 954 2284 maledictis
983 2219 1017 2280 et
1036 2216 1197 2283 conviciis
1225 2238 1368 2306 praece·

247 2323 366 2392 dentes
386 2325 475 2412 elegi
494 2331 630 2392 nocent.
1217 2346 1224 2360 ·

772 2555 838 2625 XII

273 2799 315 2842 DE
335 2798 457 2844 ULTIMA
475 2797 611 2854 Quanam
631 2797 822 2842 MORITURAE
843 2795 975 2842 DIDONIS
993 2796 1088 2840 ANIMI
1107 2795 1337 2842 IMMUTATIONE

284 3044 397 3135 Atque
416 3046 504 3113 illud
523 3069 660 3137 quoque
681 3045 833 3113 declarat
849 3043 1043 3133 Vergilium
1060 3065 1202 3111 romano
1220 3065 1364 3133 poema·

239 3151 283 3218 tis
303 3153 355 3218 sui
376 3153 517 3220 consilio
537 3153 766 3242 placendique
787 3152 950 3218 Romanis
972 3150 1144 3217 desiderio
1168 3151 1275 3219 fuisse
1303 3173 1363 3217 co-

239 3264 354 3341 actum
373 3265 411 3326 ut
428 3261 533 3350 paulo
551 3261 631 3352 plus
644 3281 761 3350 'aequo
781 3259 1052 3326 debacchantem
1068 3257 1237 3324 Didonem
1252 3257 1364 3345 linge-

237 3370 301 3448 ret,
324 3366 417 3457 quod
437 3367 632 3436 discessuro
652 3368 696 3433 ab
716 3367 775 3433 illa
793 3367 912 3433 lectori
931 3367 1033 3432 istam
1057 3365 1265 3431 furibundae
1285 3387 1362 3431 car-

236 3472 346 3540 nificis
367 3474 610 3564 Tisiphoneam
634 3476 734 3564 quasi
756 3474 944 3560 imaginem
968 3473 1124 3538 ultimam
1147 3470 1244 3558 infigi
1264 3476 1298 3538 et
1322 3473 1359 3539 in

235 3586 444 3672 perpetuum
462 3581 606 3649 haerere
622 3605 690 3648 non
709 3604 831 3672 passus
852 3582 906 3650 sit.

279 3687 452 3777 Intellegit
477 3691 567 3757 enim
595 3689 653 3755 ille
673 3691 858 3756 excessisse
887 3712 908 3755 a
933 3692 1058 3754 natura
1078 3710 1140 3754 sua
1163 3686 1353 3774 Didonem,

233 3801 337 3887 atque
356 3799 390 3863 in
411 3819 447 3864 se
471 3801 646 3888 postremo
667 3796 779 3863 redire
803 3797 888 3864 vult.
916 3795 1012 3878 Quae
1038 3800 1154 3862 autem
1181 3794 1224 3860 sit
1247 3793 1354 3881 hujus

232 3904 464 3972 conversionis
483 3905 565 3989 alta,
587 3909 625 3970 ut
645 3905 695 3971 ita
719 3903 842 3986 dicam,
866 3908 968 3993 atque
987 3903 1057 3968 ima
1076 3903 1178 3984 ratio,
1201 3900 1355 3969 subtilis·

231 4011 315 4081 sime
336 4010 505 4091 detexisse
526 4011 721 4100 Vergilium
740 4012 795 4078 hic
815 4033 953 4100 quoque
972 4009 1150 4076 latendum
1170 4014 1233 4076 est.
1277 3995 1279 4000 ¹

273 4118 430 4208 Namque
451 4123 622 4186 secretum
642 4141 717 4185 eam
728 4117 1015 4199 sensimsubiisse
1026 4118 1164 4184 Aeneae
1180 4117 1354 4205 contemp·

228 4238 301 4293 tum
320 4226 420 4294 nobis
443 4226 604 4310 ostendit,
625 4227 660 4292 in
687 4226 754 4292 illis
780 4227 932 4317 primum
958 4224 1115 4294 versibus
1135 4223 1316 4291 obscurius
1340 4246 1349 4295 ε

335 4504 394 4559 Nec
410 4502 465 4557 tibi
479 4503 546 4557 diva
557 4515 673 4571 parens,
687 4502 803 4569 generis
819 4515 874 4556 nec
888 4500 1042 4555 Dardanus
1054 4504 1163 4565 auctor,
1176 4503 1231 4554 etc.
