2940 5076
590 357 687 406 curor
711 355 872 414 cularum.
1229 331 1291 398 135

219 529 352 617 Conjux
369 530 453 597 olim
477 535 631 597 mortuus
652 536 723 612 est;
745 552 835 596 nunc
853 528 942 616 fugit
960 531 1111 612 amicus3
1135 534 1172 594 ut
1184 528 1290 609 illius,

174 639 221 705 ita
239 638 343 726 hujus
369 636 537 704 abolitum
559 638 603 703 iri
632 638 833 703 memoriam
859 659 928 703 uon
958 635 1104 703 dubitat.
1126 635 1293 724 Adeoque

175 746 241 812 sihi
260 745 431 834 persuasit
455 743 687 833 placidissima
712 745 843 810 scilicet
864 744 980 810 indole
1004 743 1143 826 femina,
1166 747 1295 808 amato-

174 853 242 919 rias
262 852 360 918 facile
380 851 541 941 dissipari
556 874 668 933 curas,
683 856 720 916 ut
738 874 781 916 ne
805 873 994 941 parumper
1008 837 1148 941 quidem
1168 849 1295 935 cogitet

175 958 392 1027 moriendum
408 981 483 1024 esso
503 965 700 1048 propterea.

220 1065 454 1149 Quamobrem
482 1065 585 1155 paulo
610 1070 688 1155 post
716 1066 976 1149 exclamantem,
1016 1087 1095 1131 cum
1130 1063 1219 1130 Dido
1258 1086 1294 1130 se

173 1175 285 1264 ipsam
305 1173 491 1256 interemit,
513 1172 650 1238 Annam
672 1194 679 1240 :

486 1340 593 1393 Eadem
609 1353 656 1392 me
671 1339 708 1391 ad
724 1340 784 1392 leta
798 1343 952 1392 vocasses!

315 1412 394 1465 Idem
408 1414 512 1464 ambas
527 1412 602 1463 ferro
618 1411 699 1464 dolor
712 1417 801 1476 utque
816 1412 920 1464 eadem
932 1412 1004 1463 hora
1020 1410 1155 1463 tulisset!

175 1556 271 1623 nulla
295 1555 448 1646 profecto
477 1560 658 1622 causaest
683 1578 744 1621 cur
769 1555 906 1621 mentiri
926 1555 1175 1644 suspicemur¹.
1204 1551 1297 1619 lllud

175 1668 291 1730 tamen
306 1662 476 1749 conjicere
491 1663 583 1731 licet.
599 1702 644 1712 -
660 1662 735 1750 (nec
751 1661 894 1747 Vergilii
908 1663 1016 1728 verba
1030 1662 1157 1750 vetant)
1171 1700 1215 1711 -
1229 1661 1300 1726 An·

175 1793 256 1837 nam
270 1771 429 1853 libenter,
443 1768 501 1837 sed
515 1769 652 1854 frigide,
667 1777 814 1835 mortem
827 1791 896 1835 una
915 1790 994 1835 oum
1012 1767 1146 1833 Didone
1166 1767 1300 1857 oppeti-

175 1883 289 1944 turam
307 1877 412 1942 fuisse
433 1876 704 1965 morientemque
727 1876 870 1941 forsitan
891 1896 1008 1941 secum
1026 1875 1132 1944 fuisse
1159 1879 1300 1964 reputa·

175 1992 302 2063 turam,
323 2005 406 2049 num
425 2006 505 2049 vere
521 2005 646 2071 operae
667 1983 816 2072 pretinm
836 1983 990 2050 esset'l...

223 2117 239 2151 «
272 2087 505 2158 Unanimam²
536 2116 551 2150 »
586 2088 729 2155 Didonis
763 2110 918 2155 sororem
952 2088 1088 2153 Annam
1125 2086 1300 2174 Vergilius

178 2196 342 2287 appellat,
369 2196 461 2286 qnod
486 2195 626 2285 quidem
657 2195 802 2261 verbum
833 2194 918 2284 quid
944 2194 1054 2260 valeat
1082 2195 1300 2280 grammatici

178 2326 245 2370 non
265 2325 480 2370 consensere.
503 2301 627 2370 Utrum
649 2303 740 2367 enim
761 2324 881 2368 sensus
902 2309 964 2384 est,
988 2323 1093 2367 unum
1114 2301 1245 2367 scilieet
1266 2307 1301 2368 et

178 2410 338 2494 eundem,
361 2416 398 2477 ut
418 2410 520 2496 vulgo
541 2410 698 2491 dicimus,
721 2409 888 2476 ambabus
908 2410 1061 2476 animum
1082 2431 1173 2492 esse,
1196 2409 1242 2474 ita
1263 2415 1300 2474 ut

177 2519 270 2608 quod
286 2519 411 2584 sentiat
431 2540 508 2596 una,
531 2519 655 2583 sentiat
674 2524 707 2583 et
725 2517 786 2583 illa
803 2518 934 2606 pariter
952 2538 1015 2582 nec
1030 2517 1142 2582 minus
1159 2515 1300 2582 vivide?

177 2626 231 2692 An
251 2626 316 2692 hoc
334 2624 572 2690 tantummodo
599 2623 767 2710 significat
792 2650 808 2684 «
830 2625 1005 2705 unanima,
1030 2651 1045 2685 u
1067 2624 1186 2690 Annae
1208 2645 1299 2690 sem·

176 2755 241 2822 per
259 2733 400 2821 probari
420 2754 658 2821 quaecumque
679 2754 777 2797 soror
801 2732 895 2821 cupit
910 2731 964 2796 vel
983 2731 1124 2797 censet?
1144 2729 1300 2798 Mihimet

178 2841 349 2929 posterior
367 2839 423 2905 hic
443 2861 564 2904 sensus
580 2838 727 2921 videtur,
745 2839 853 2905 multo
874 2839 996 2904 melius
1016 2860 1121 2928 qnam
1140 2838 1210 2921 ille,
1227 2859 1300 2903 ver·

179 2947 326 3033 gilianae
343 2947 462 3013 Annae
483 2947 621 3032 ingenio
649 2947 845 3012 convenire.
867 2945 941 3011 Non
974 2952 1064 3012 errat
1088 2949 1188 3012 Anna
1214 2968 1300 3035 que-

179 3074 270 3135 renS,
293 3052 387 3143 quod
411 3074 510 3119 soror
528 3074 605 3118 eam
624 3052 773 3118 moriens
794 3051 949 3118 conulem
967 3051 1299 3142 spreveric.,0ptime

181 3159 321 3249 quidem
358 3166 436 3226 sunt
463 3160 553 3225 inter
586 3182 621 3226 se
648 3159 856 3242 concordes;
881 3161 984 3245 longe
1013 3168 1129 3226 autem
1147 3158 1247 3226 abest
1265 3164 1302 3224 ut

182 3268 250 3332 sint
269 3268 383 3333 animo
403 3289 442 3332 ac
463 3272 574 3332 mente
595 3267 730 3356 pares⁸.

183 3460 269 3508 Didon
281 3460 424 3524 prendrait
439 3459 494 3510 cela
509 3475 605 3510 comme
628 3461 677 3510 elle
702 3461 774 3511 uouit
785 3460 840 3524 fuit
855 3459 878 3508 le
892 3461 972 3524 passe
985 3479 1007 3525 o,
1023 3459 1093 3510 uoitci
1112 3461 1157 3525 qui
1176 3464 1214 3510 est
1232 3464 1305 3510 utre-

184 3535 255 3580 ment
269 3531 387 3597 vulgaire
399 3535 426 3581 et
441 3534 555 3598 premier
569 3547 605 3581 uu
620 3533 742 3597 supreme
756 3532 841 3596 depre.
860 3550 871 3574 »

216 3602 252 3654 cf.
273 3606 369 3651 Aeneae
392 3604 422 3651 ud
449 3605 565 3652 Didonem
591 3604 615 3651 in
638 3605 724 3652 inieris
747 3605 844 3652 obviam
866 3605 946 3652 euntis
969 3605 1052 3664 verba,
1075 3605 1140 3652 haud
1163 3605 1306 3652 dissimilem

185 3675 272 3721 mentis
290 3674 397 3722 habitum
410 3677 526 3723 testantia
541 3689 548 3721 t

650 3738 696 3780 Noc
709 3738 800 3779 credere
812 3737 875 3790 quivi

358 3799 416 3842 hunc
430 3805 516 3841 tantum
531 3799 571 3842 tibi
586 3812 620 3841 me
633 3800 735 3842 discessu
751 3799 808 3841 terre
824 3799 931 3842 dolorem.
945 3801 1023 3851 (Aca.
1035 3799 1073 3853 Vl,
1084 3799 1142 3855 ⁴63.)

218 3923 240 3972 1.
259 3923 334 3984 Aera,
351 3922 391 3982 lV,
406 3922 463 3972 678.

217 3995 241 4044 2.
260 3996 332 4052 Aeo„
344 3994 384 4052 lV,
397 3994 452 4046 677.

216 4065 241 4114 3.
259 4065 310 4113 Non
326 4067 398 4129 igitur
413 4066 473 4113 illud
489 4066 622 4114 acutissimi
637 4067 700 4114 iuter
714 4064 796 4113 Gallos
816 4065 893 4113 critici
915 4066 1000 4128 probo,
1022 4067 1043 4114 si
1067 4067 1185 4115 modoad
1203 4067 1310 4116 indolem

188 4137 271 4185 Annae
288 4136 469 4185 Suu‘rn-Bsovn
483 4138 522 4185 his
536 4137 619 4184 verbis
638 4138 775 4198 respexerit
791 4151 796 4183 z
815 4156 825 4179 o
847 4138 918 4184 Anna
937 4151 1008 4184 soror
1029 4153 1045 4186 α
1068 4136 1134 4187 beau
1156 4139 1242 4202 βαίη,-
1261 4138 1311 4189 elle

188 4208 253 4257 u'est
267 4206 365 4270 qu’uoe
382 4209 435 4255 tres
448 4207 523 4256 noble
534 4208 683 4270 confidente
699 4210 723 4255 et
739 4205 781 4255 u'u
795 4220 846 4269 pas
860 4205 965 4255 d’uutre
987 4208 1043 4256 rote
1067 4223 1117 4272 que
1139 4207 1207 4257 celui
1231 4209 1311 4260 d'une

189 4278 351 4343 mapoifique
366 4279 463 4326 utilite.
481 4299 493 4322 »
508 4279 597 4327 Portu
621 4281 758 4340 contemp„
781 4281 798 4324 t.
820 4276 850 4339 V,
876 4291 899 4339 p.
920 4277 975 4328 379.
992 4279 1109 4338 Partium,
1128 4281 1212 4344 lator,
1228 4295 1312 4330 earum

190 4352 315 4413 qnasagil
334 4349 457 4397 minimum
473 4354 617 4397 momentum
642 4354 698 4408 esl;
723 4361 814 4395 morum
837 4362 893 4396 vero
914 4363 976 4410 qiios
997 4350 1104 4410 exhibet,
1125 4351 1185 4399 satis
1206 4352 1311 4402 vividam

191 4435 244 4469 esse
260 4422 365 4483 speeiem
382 4435 427 4482 ego
442 4422 539 4482 quidem
555 4421 649 4483 opinor.
