2940 5076
611 372 708 420 curor
733 374 884 421 ruerruu.
1266 354 1309 418 l5

189 549 270 616 ditis
306 550 450 633 retinet,
478 549 617 639 ¹quihus
657 571 737 615 rara
770 555 979 639 strenueque
1009 549 1153 615 Didonis
1182 551 1309 617 virtus¹

189 657 384 747 excelsique
409 657 484 745 ejus
504 657 609 723 animi
627 657 724 724 dotes
750 657 987 739 illustrentur3
1009 677 1091 722 nam
1114 661 1148 723 et
1174 679 1215 723 ea
1232 659 1310 748 ipsa

188 770 268 831 sunt
299 787 387 854 quae
427 765 584 854 aliquam
609 766 679 830 viru
707 764 860 847 habeant.
885 769 923 830 ut
952 765 1019 830 cito
1052 764 1191 831 Aeneae
1218 764 1308 832 Dido

187 891 304 938 amore
343 871 521 958 deflagret.
564 871 700 962 Quippe
735 892 840 962 quam
878 871 1045 961 Trojanos
1088 870 1212 938 heroes
1250 872 1309 939 ad-

188 980 370 1046 miratione
400 984 434 1046 et
460 979 702 1046 benevolentia
723 980 813 1046 ultro
844 980 1009 1068 prosequi
1035 1001 1076 1045 eo
1101 981 1310 1066 magiscon-

188 1108 312 1158 sonum
330 1087 484 1153 futurum
506 1087 549 1153 sit
568 1086 739 1176 siquidem
759 1093 792 1152 et
811 1087 886 1175 ipsa
902 1084 1051 1152 heroicis
1070 1107 1150 1152 vere
1171 1086 1308 1153 virtuti-

187 1193 254 1259 hus
274 1193 430 1284 praedita
450 1194 661 1285 apparuerit.
1272 1276 1274 1282 Α

232 1301 289 1367 Ad
306 1301 400 1391 quod
424 1307 539 1368 tamen
557 1301 729 1367 Aeneidos
753 1300 833 1368 libri
858 1300 961 1390 primi
990 1286 1170 1390 sequentia
1196 1304 1307 1390 magis

188 1410 372 1499 perspicue
393 1413 560 1499 spectant.

235 1515 429 1606 Obstupere
458 1516 644 1597 Didonem,
667 1523 701 1583 et
729 1515 985 1606 quodammodo
1007 1516 1145 1600 offendi,
1177 1521 1211 1584 et
1229 1522 1306 1584 tau-

187 1628 260 1689 tum
276 1645 345 1690 non
365 1624 574 1690 stomachari
594 1623 766 1710 Vergilius
780 1624 892 1704 faeit²‚
912 1624 1006 1714 quod
1017 1628 1138 1714 putare
1157 1622 1305 1690 llioneus

186 1729 356 1812 videatur,
373 1753 500 1798 nomen
516 1730 654 1820 fataque
674 1729 904 1818 Trojanorum
918 1730 1066 1798 Punicae
1082 1732 1222 1818 reginae
1237 1753 1306 1798 nou

184 1838 396 1908 innotuisse:

390 2037 465 2088 Tum
481 2035 608 2089 breviter
621 2035 704 2099 Dido,
718 2037 824 2087 vultam
836 2037 971 2087 demisso³
984 2035 1134 2102 profatur:

388 2117 452 2175 ouis
466 2108 562 2182 genus
576 2117 762 2178 Aeneadum,
779 2117 847 2184 quis
862 2118 965 2183 Trojae
976 2118 1078 2168 nesciat
1093 2117 1205 2179 urbem,
1299 2153 1302 2159 -

340 2198 532 2264 virtutesque
547 2199 683 2263 virosque
698 2204 750 2252 aut
762 2199 839 2251 tanti
854 2198 989 2251 incendia
1004 2198 1093 2251 belli?
1189 2248 1192 2253 ,

339 2279 402 2330 Νοη
415 2279 510 2330 obtuso
524 2280 589 2330 adeo
602 2287 737 2344 protomus
749 2287 858 2345 pectora
874 2281 967 2336 Poeni,

339 2375 385 2410 nec
402 2365 458 2410 tam
473 2375 582 2410 aversus
596 2374 675 2426 equos
690 2361 773 2425 lycia
788 2360 928 2425 soljunpit
944 2359 978 2409 ab
995 2359 1067 2410 urbe.

180 2530 394 2599 Jamdudum
423 2538 541 2600 contra
578 2532 807 2619 Trojauorum
841 2532 987 2598 heroum
1024 2531 1188 2598 facinora¹
1213 2530 1301 2598 Dido

182 2640 355 2724 cognovit,
374 2661 452 2706 cum
473 2637 600 2706 Sidone
616 2639 743 2706 Teucri
763 2639 889 2708 exsulis
910 2638 1015 2704 verba
1032 2638 1205 2706 hauriret:

335 2837 477 2900 Tempore
489 2836 557 2901 jam⁴
566 2848 603 2888 ex
616 2835 669 2887 illo
686 2847 772 2887 casus
787 2833 862 2887 mihi
876 2833 1014 2899 cognitus
1027 2832 1109 2886 urbis

335 2915 508 2980 Troianae...

334 3000 399 3062 lpse
412 2997 509 3050 hostis
524 2997 650 3050 Teucros
666 2996 776 3062 insigni
791 2996 878 3049 laude
891 2997 1033 3050 ferebat...

176 3174 366 3260 posteaque
386 3169 488 3236 avida
507 3171 579 3236 sine
599 3168 706 3236 dubio
726 3169 860 3259 excepit
877 3190 959 3235 aure
985 3168 1062 3236 illos
1087 3167 1296 3258 peregrino·

176 3298 255 3343 rum
274 3289 370 3346 ἀοιδῶν
391 3281 522 3360 cautus,
545 3277 641 3344 lliaci
660 3276 832 3344 mirabilia
850 3275 934 3343 belli
954 3280 1065 3342 totum
1088 3298 1152 3365 per
1174 3274 1295 3341 orbem

208 3508 230 3559 1.
248 3512 323 3567 Aen„
339 3509 357 3567 l,
372 3506 427 3570 338,
438 3508 494 3567 364,
506 3508 560 3569 504,
576 3507 631 3569 5οΊ,
644 3507 699 3570 563,
714 3507 776 3569 628;
792 3508 834 3567 IV,
847 3508 877 3557 39
892 3523 956 3572 sqq,
966 3507 997 3556 86
1011 3521 1064 3570 sqq.
1074 3532 1104 3542 -
1120 3505 1157 3555 Cl.
1174 3502 1291 3565 ertxux,

179 3579 405 3645 Veryil-Studz'cn,
420 3596 444 3644 p.
462 3580 515 3631 105.

205 3653 228 3702 2.
246 3654 310 3702 Aeo.
326 3652 345 3712 Ι,
360 3669 383 3702 v.
400 3652 444 3704 561
458 3668 511 3717 sqq.

204 3727 229 3778 3.
248 3725 283 3776 Cl.
304 3725 423 3775 Fcamoun
438 3725 455 3777 i.
476 3725 500 3775 h.
522 3726 548 3784 l..
566 3729 591 3774 et
611 3723 727 3782 erdxcu,
747 3723 965 3790 Verpil·Studieo,
984 3740 1008 3787 p.
1032 3723 1150 3781 143-145,
1172 3722 1203 3771 de
1217 3723 1294 3771 variis

172 3799 303 3848 verborum
318 3799 419 3847 istorum
432 3798 687 3861 interpretationibus3
701 3799 764 3847 inter
776 3811 837 3860 quas
849 3797 1055 3860 ingeniosissima,
1066 3794 1110 3844 sed
1125 3808 1174 3843 non
1189 3794 1294 3843 maxime

172 3870 309 3933 probabilis
328 3870 370 3919 illa
384 3874 431 3930 est,
450 3885 522 3933 quarn
540 3870 668 3933 proposuit
687 3869 814 3927 Wcrnuun,
837 3869 931 3918 scilicet
947 3869 981 3918 ita
1000 3868 1135 3930 significari
1150 3870 1292 3915 nascentem

143 3957 145 3961 ·
172 3942 275 3993 Didonis
298 3956 412 3991 amorem.
429 3942 479 4004 Ego
504 3943 593 4004 potius,
619 3957 673 3990 cum
692 3940 802 4002 Kvidala‚
829 3942 1025 4005 explanationem
1048 3940 1079 3989 ab
1102 3940 1156 4002 ipso
1179 3938 1288 4001 Vergilio

171 4014 325 4077 suppeditari
341 4015 440 4077 opinor:

437 4117 457 4200 pi
465 4105 509 4197 ΙιὶιοεΙ
521 4102 584 4157 dura,
598 4108 619 4146 ct
632 4103 695 4158 regni
707 4103 795 4145 novitas
808 4114 843 4145 rue
856 4102 909 4147 talia
923 4107 1005 4159 cogunt

458 4168 534 4199 our...
546 4169 557 4198 i

170 4228 257 4278 Metuit
270 4230 313 4278 illa
330 4230 423 4279 scilicet
440 4243 470 4277 ne
485 4244 499 4276 a
513 4229 633 4290 Trojanis,
653 4229 716 4277 sicut
736 4229 842 4277 barbara
855 4229 940 4292 regina
961 4229 1089 4292 quaedam,
1112 4231 1289 4278 contemnatur.

170 4300 206 4350 Cl.
221 4301 300 4350 Latini
314 4303 379 4363 regis
394 4302 470 4350 verbe
483 4299 535 4359 Vll,
555 4298 678 4359 lea-lem
695 4327 724 4335 -
741 4301 759 4359 l,
775 4300 821 4349 535
836 4315 883 4364 sq.‚'
900 4301 953 4350 542.
973 4301 1046 4350 Recte
1061 4301 1190 4350 Doricus:
1207 4319 1219 4345 α
1233 4298 1291 4348 Vol-

171 4376 227 4422 ium
243 4372 374 4423 demisso:
390 4373 442 4422 Non
465 4373 542 4421 solum
565 4376 666 4435 propter
681 4372 807 4421 femineam
828 4373 1009 4431 verecundiam,
1032 4371 1164 4421 sedetiam
1189 4376 1289 4434 propter

170 4444 266 4506 objecta
281 4464 293 4488 »
308 4445 338 4493 ab
349 4444 448 4494 llione0.
465 4472 494 4480 —
508 4442 544 4494 Cl.
561 4443 806 4503 Lucrum-Scurrae,
823 4445 847 4492 in
861 4444 924 4492 hunc
934 4444 1022 4492 locum.
