2940 5076
605 360 702 406 carun
727 358 860 407 rarioris.
1248 339 1287 403 11

173 557 262 626 quae
295 535 373 601 inde
400 535 435 600 in
468 557 568 601 usum
594 557 694 601 suum
718 535 908 602 traduxerit
936 533 1122 621 Vergilius,
1148 556 1289 625 prorsus

173 642 347 711 srdfioiunt
379 643 509 708 Timaei
535 643 762 729 fragmenta¹,
797 642 1040 730 luculentaque
1084 640 1208 709 tustini
1247 641 1289 707 de

172 749 506 837 Carthaginiensium
526 751 718 837 originibus
737 750 923 817 narratio².

710 1054 758 1121 ΙΙΙ

537 1277 579 1318 DE
598 1277 788 1320 DEPERDITIS
806 1276 930 1320 MEDEIS

136 1516 138 1520 '
219 1503 320 1585 Quod
339 1526 420 1570 vero
440 1526 509 1569 non
529 1503 571 1569 ad
594 1503 762 1570 Didonem
781 1504 893 1593 ipsam
913 1501 973 1568 sed
994 1502 1037 1568 ad
1062 1502 1138 1570 illas
1163 1502 1291 1591 mythi-

172 1634 229 1678 oas
260 1634 425 1701 personas
454 1613 585 1695 attinet,
617 1653 660 1692 ε
692 1611 920 1702 Calypsonem
949 1610 1038 1690 dico,
1073 1609 1288 1698 Circamque,

171 1718 411 1809 Medeamque,
454 1719 707 1809 Ariadnamque
745 1742 785 1786 ac
818 1718 1047 1800 Simaetham,
1086 1758 1129 1766 —-
1167 1717 1291 1783 similia

171 1825 313 1915 quidem
343 1825 469 1893 Didoni
495 1847 627 1915 passas,
658 1848 872 1915 quarumque
902 1825 946 1892 ad
973 1825 1146 1914 exemplar
1169 1823 1291 1909 Vergi-
1336 1818 1342 1833 ''

172 1932 239 1998 lius
259 1933 415 1998 mulieris
430 1937 504 1998 tum
519 1933 677 2015 amantiS,
695 1937 768 1998 tum
783 1933 948 2023 deceptae
963 1931 1104 1998 affectus
1122 1930 1288 2020 depinxit,

174 2060 286 2127 neque
308 2038 350 2104 de
370 2041 526 2129 personis
546 2040 632 2122 istis,
651 2046 789 2129 praeter
804 2063 844 2106 ea
859 2062 947 2129 quae
962 2039 1119 2104 novimus
1135 2037 1288 2118 Homeri,

173 2144 365 2235 Euripidis,
395 2145 587 2236 Apollonii,
626 2145 815 2229 Theocriti,
854 2145 975 2213 Catulli
1012 2149 1189 2235 poemata,
1222 2144 1289 2209 alia

174 2251 346 2340 quaedam
373 2253 540 2320 exstitisse
571 2253 860 2319 verisimillimum
891 2260 957 2335 est,
993 2251 1083 2317 unde
1113 2258 1229 2317 noster
1255 2252 1301 2325 in=

172 2380 248 2425 rem
268 2380 366 2426 suam
382 2359 553 2426 tantillum
573 2367 771 2426 convertere
791 2359 953 2450 potuerit.

217 2464 332 2532 Primo
353 2467 444 2532 enim
469 2466 511 2532 de
533 2465 737 2558 Calypsone,
760 2464 857 2532 Circa
880 2465 1136 2555 Simaethaque,
1158 2464 1290 2533 nullum

171 2570 277 2639 luisse
296 2574 471 2663 peculiare
490 2596 628 2640 carmen
652 2595 715 2663 pro
742 2578 834 2640 certo
858 2572 1058 2639 habendum
1082 2572 1167 2638 est³.
1190 2570 1291 2652 Quod

174 2681 202 2745 si
220 2680 352 2764 luisset,
370 2704 480 2771 paene
499 2703 640 2747 neeesse
661 2682 703 2747 sit
724 2687 761 2747 ut
788 2683 947 2764 sciamus,
974 2703 1052 2746 oum
1071 2684 1142 2746 tam
1161 2678 1290 2745 multae

173 2808 281 2876 usque
302 2787 346 2853 ad
365 2810 427 2857 nos
446 2789 667 2878 pervenerint
689 2789 994 2875 grammaticorum
1017 2787 1287 2877 compilationes,

172 2899 243 2959 tam
267 2895 375 2961 multa
399 2901 433 2961 et
457 2896 562 2984 longa
584 2897 619 2962 in
646 2919 789 2983 graecos
815 2898 999 2986 scriptores
1028 2894 1291 2961 scholiastarum

175 3004 431 3086 commentaria,
453 3009 503 3070 tot
525 3032 540 3065 n
558 3004 821 3072 bibliothecae»
844 3005 1024 3095 excerptis,
1038 3007 1088 3071 tot
1106 3003 1215 3069 lexica
1232 3024 1292 3068 no-

175 3109 324 3176 minibus
356 3134 395 3177 ac
423 3112 529 3178 titulis
558 3112 696 3177 referta.
723 3112 917 3202 Perpaucas
938 3115 1076 3199 egomet
1094 3133 1173 3177 reor
1190 3109 1290 3176 nobis

173 3217 325 3302 ignorari
345 3218 604 3309 deperditorum
625 3220 836 3309 antiquitatis
850 3220 1018 3287 librorum
1036 3220 1289 3309 inscriptiones

217 3323 355 3392 Medeae
383 3330 513 3410 contra,
539 3333 678 3416 praeter
704 3327 927 3417 Euripidearn
954 3334 987 3394 et
1012 3326 1288 3417 Apollonianam,

174 3429 244 3496 sive
268 3433 359 3499 inter
383 3433 544 3516 Graecos,
570 3435 641 3501 sive
661 3437 750 3501 inter
773 3434 911 3501 Latinos
936 3457 1006 3500 non
1026 3435 1176 3500 defuisse
1196 3438 1292 3500 extra

173 3715 214 3778 lV,
229 3716 334 3768 632-633
351 3718 427 3766 :Tum
438 3719 546 3768 breviter
560 3721 653 3769 Rarcen
668 3722 787 3770 nutricem
797 3720 827 3770 ad
841 3721 891 3777 lata
904 3720 1017 3784 Sychaei,
1027 3718 1146 3784 Namque
1157 3734 1234 3768 suam
1241 3733 1291 3783 po-

175 3788 228 3837 trio
250 3790 364 3854 antiqua
385 3791 450 3838 cinis
470 3795 529 3840 ater
549 3791 670 3843 habebat.
685 3820 715 3828 -
730 3793 765 3840 Ex
781 3793 856 3850 Aen,
875 3792 916 3852 lV,
931 3792 976 3840 211
992 3807 1055 3855 sqq,
1071 3792 1169 3854 conjicit
1183 3789 1292 3840 ertann

174 3857 306 3920 Vergilium
321 3875 369 3908 non
384 3862 482 3909 novisse
497 3877 525 3910 ea
543 3877 605 3925 quae
622 3863 791 3925 perhibuerint
808 3864 917 3911 nonnulli
933 3864 996 3912 inter
1010 3864 1124 3925 antiquos
1138 3863 1168 3910 de
1188 3861 1291 3925 decepto

173 3928 270 3978 larbaa
286 3931 380 3980 Didone
402 3933 426 3979 in
448 3934 555 3982 Africam
574 3935 720 3984 considenti.
737 3934 928 4000 (Ver9.-Stud.,
947 3950 971 3997 p.
994 3934 1060 3997 10⁶1.)
1083 3934 1133 3996 Ego
1154 3935 1292 3996 neglexisse

173 4014 228 4049 eum
242 4001 326 4064 potius
343 4017 431 4052 censeo
446 4005 486 4066 (de
501 4018 549 4067 quo
563 4020 586 4052 v.
603 4006 667 4053 intra
678 4006 703 4052 in
718 4006 827 4065 Didone,
841 4007 886 4070 nr.)

205 4073 226 4121 1.
244 4073 357 4133 Turinus,
375 4075 403 4122 lr.
420 4075 450 4123 23
462 4075 560 4137 (Didot,
579 4076 596 4137 l,
612 4091 636 4138 p.
653 4075 715 4135 197).

204 4144 227 4193 2.
245 4144 362 4206 Josr1nus,
384 4145 471 4205 XVlll,
495 4146 509 4193 4
527 4161 580 4210 sqq.
596 4175 627 4183 -
649 4147 810 4198 casianus
832 4151 857 4197 in
878 4151 951 4208 Aen„
974 4149 1014 4208 IV,
1030 4148 1070 4199 36.
1087 4148 1165 4196 -De
1184 4147 1293 4196 Didone-

175 4215 282 4275 Astarte‚
297 4232 320 4267 v.
335 4217 443 4265 Paricea
454 4221 477 4266 et
490 4217 591 4277 tonora,
607 4219 677 4268 Rdro.
693 4219 814 4283 Myrtoi,
830 4221 859 4281 ll,
874 4221 929 4281 313,
946 4237 969 4270 n.
985 4221 1015 4280 1;
1031 4219 1085 4279 406,
1101 4221 1198 4268 minime
1212 4224 1292 4267 autem

172 4284 244 4334 iaeile
259 4291 297 4335 est
310 4288 451 4352 intellegere
468 4289 527 4351 quid
542 4304 572 4337 ex
588 4304 617 4338 ea
631 4291 713 4339 tabula
727 4292 823 4340 trahere
835 4295 940 4356 potuerit
953 4292 1083 4355 Vergilius.

204 4355 228 4405 3.
248 4357 352 4407 Circam
368 4359 471 4422 Satyrici
488 4360 606 4408 dramatis
621 4361 659 4408 vel
674 4363 814 4411 comoediae
826 4370 991 4428 argumentum
1004 4364 1082 4427 poetis
1097 4361 1239 4425 praebuisse
1255 4361 1292 4410 vi-

174 4427 246 4477 detur
257 4430 350 4493 (Parin,
369 4431 442 4495 Troy.
451 4444 534 4495 precs,
548 4437 564 4478 t.
580 4431 619 4490 IV,
635 4447 658 4494 p.
675 4432 739 4497 280).
