2940 5076
704 353 781 398 PARS
805 353 908 399 Palox.

418 525 593 590 Incubuitque
610 532 676 585 loro,
690 498 823 592 dixitque
838 525 1000 578 novissima
1016 523 1132 576 verba...

467 597 557 663 Dixit,
574 602 604 650 et
619 614 648 648 os
659 599 791 664 inpressa
806 600 910 651 torci..

247 775 494 845 Verumtamen
524 777 626 844 illa«
656 799 755 844 curas
778 806 794 840 »
816 777 918 847 simul
945 774 1158 858 recordatur,
1179 774 1308 871 quibus
1338 779 1372 841 et

245 884 400 966 ineunte,
425 889 459 951 et
477 890 657 974 pergente,
680 891 714 951 et
733 890 878 952 exeunte
898 905 1014 950 amore
1043 883 1121 964 isto,
1147 886 1269 947 vexata
1287 880 1367 964 fuit,

246 1011 356 1080 eoque
376 990 489 1056 minus
509 989 685 1058 desiderat
703 992 865 1058 amissam
888 990 1098 1070 felicitatem,
1121 1009 1226 1079 quam
1255 990 1305 1054 tot
1333 991 1369 1054 et

245 1098 349 1163 tantis
369 1096 615 1165 acerbitatibus
640 1098 858 1167 commixtam
881 1103 914 1164 et
935 1096 1035 1188 quasi
1058 1094 1288 1162 adulteratam
1309 1117 1368 1160 ex-

244 1209 344 1295 perta
363 1205 407 1272 sit
428 1227 435 1274 :

412 1409 544 1477 Accipite
557 1409 635 1464 hanc
649 1410 791 1476 animam,
804 1425 895 1476 meque
911 1409 953 1460 his
965 1408 1091 1460 ecsototte
1105 1411 1189 1460 curis.

243 1587 417 1656 Hactenus
434 1610 516 1657 sane
536 1590 621 1656 vivit
642 1612 739 1657 amor
761 1612 768 1659 :
790 1590 839 1656 ita
857 1612 940 1657 xero
962 1589 1045 1655 vivit
1060 1591 1099 1653 ut
1115 1608 1193 1653 eum
1213 1585 1367 1677 quadam

243 1697 398 1763 satietate
418 1696 507 1764 vitae
524 1696 579 1763 vel
599 1718 704 1783 aegra
720 1696 871 1787 quadam
891 1696 1092 1764 lassitudine
1112 1693 1238 1761 animi²
1262 1692 1367 1760 valde

241 1803 461 1869 imminutum
480 1804 664 1894 perspicuo
683 1804 937 1891 intellegamus.

285 1909 450 1977 Adfectus
470 1911 576 1996 igitur
594 1911 685 1994 illos,
709 1912 835 2000 quibus
856 1912 1022 1978 acerrime
1048 1909 1288 1977 conturbatam
1308 1908 1368 1975 Di-

241 2015 365 2083 donem
386 2018 482 2107 prius
502 2019 716 2102 monstravit,
735 2040 803 2085 non
827 2018 998 2084 commisit
1014 2024 1116 2107 poeta
1135 2021 1173 2083 ut
1187 2021 1367 2107 postremo

178 2277 183 2285 ·
272 2249 295 2299 1.
314 2248 355 2310 Ν,
371 2247 425 2297 659.
443 2248 546 2298 Servios
563 2249 684 2312 duplicem
699 2250 923 2299 horumverborurn
938 2249 1132 2313 explanationem
1143 2248 1244 2311 profert,
1260 2261 1366 2311 quarum

239 2322 310 2369 istam
323 2321 419 2384 probo:
436 2340 447 2365 α
510 2319 625 2383 applicito
638 2335 680 2370 ore
696 2321 726 2369 ed
743 2321 896 2383 lectulum...
915 2321 984 2383 quasi
1001 2320 1114 2377 amatrix,
1126 2324 1152 2368 ut
1166 2320 1201 2382 (r.
1217 2318 1275 2382 82):
1291 2322 1367 2368 stra-

240 2393 328 2456 tisque
341 2389 442 2440 relictis
457 2393 578 2442 Incubet.
595 2411 607 2435 »
619 2419 651 2429 —
668 2392 746 2440 Ovron
763 2397 843 2441 autem
858 2391 992 2440 imitatione
1007 2391 1087 2456 (Her,
1103 2389 1134 2452 X,
1150 2390 1180 2440 51
1195 2388 1261 2453 sqq.)
1279 2404 1310 2438 ea
1324 2390 1366 2437 in-

239 2463 392 2527 terpretatio,
408 2475 480 2526 quarn
494 2464 688 2527 anteponendam
702 2477 801 2522 censeo,
817 2463 986 2514 confirmatur.

268 2533 291 2583 2.
306 2533 383 2593 Aen„
395 2533 435 2592 Ν,
450 2533 497 2583 325
510 2549 516 2583 :
529 2553 541 2578 a
556 2533 620 2592 Quid
635 2536 732 2583 moror?
745 2553 757 2578 υ
771 2533 942 2596 (Pernsxxurr
957 2533 985 2582 in
997 2533 1046 2582 Aac
1060 2535 1147 2593 terra,
1158 2533 1175 2584 i.
1190 2547 1212 2582 e.
1225 2533 1251 2581 in
1262 2531 1364 2593 Africa;

239 2605 413 2668 -largiorem
426 2619 471 2667 ego
486 2619 584 2654 sensum
600 2618 606 2653 :
622 2606 650 2653 in
668 2605 717 2654 trac
731 2605 795 2663 vitu,
810 2606 849 2654 vel
870 2603 935 2669 quid
948 2619 1035 2654 moror
1047 2603 1110 2653 initi
1129 2606 1188 2668 ipsa
1207 2617 1306 2653 mantis
1323 2604 1364 2651 in-

238 2677 388 2740 sarracon
401 2675 523 2734 onxaa,
540 2676 686 2736 Coxmnrox,
708 2676 817 2734 Beno1sr,
839 2676 944 2733 Karrea,
968 2676 1096 2738 Formosa,
1116 2674 1363 2735 onewto-Scxxren‚

240 2748 363 2810 praefero;
378 2774 410 2783 -
421 2746 462 2808 IV,
478 2747 522 2796 451
540 2762 546 2795 :
567 2768 579 2792 α
595 2749 697 2796 Mortem
710 2753 775 2808 orat;
790 2748 871 2796 taedet
887 2747 949 2796 caeli
964 2762 1074 2796 convexa
1094 2748 1180 2796 tueri»
1197 2761 1203 2795 z
1218 2747 1260 2809 qui
1274 2760 1364 2795 versus

239 2817 418 2880 intellegendus
433 2823 470 2866 est
484 2818 552 2881 quasi
576 2819 597 2867 si
618 2818 681 2867 Dido
696 2818 766 2867 Morti
783 2823 897 2882 precetur
912 2823 937 2866 ut
951 2818 1077 2877 adveniat;
1094 2819 1125 2869 cf.
1141 2816 1259 2880 Krrtxcx,
1275 2815 1362 2876 A’rlrt,

240 2903 263 2951 p.
281 2887 326 2937 129
340 2893 364 2936 et
378 2888 499 2937 Gitrxmxo
516 2889 534 2940 i.
553 2889 577 2938 h.
593 2903 633 2947 v.,
648 2893 666 2937 t.
682 2888 716 2952 ll,
733 2904 757 2952 p.
773 2890 829 2951 x11);
849 2917 880 2926 -
904 2889 949 2949 Ν,
969 2887 1015 2937 692
1034 2903 1039 2936 :
1055 2909 1067 2933 a
1086 2887 1212 2946 Quaesivit
1234 2888 1304 2936 coelo
1324 2888 1364 2935 lu-

240 2973 321 3011 cem...
339 2977 351 3003 a
366 2985 396 2996 ·—
411 2959 447 3010 Cf.
465 2974 552 3022 supra,
568 2975 591 3022 p.
607 2960 682 3008 51-52
700 2975 755 3008 cum
769 2961 843 3010 notis.
859 2988 890 2997 -
906 2959 940 3008 Cf.
957 2974 1053 3024 quoque
1068 2959 1108 3018 Ν,
1126 2959 1190 3008 5t9:
1210 2978 1222 3004 «
1238 2959 1287 3017 his,
1304 2973 1364 3022 ger-

238 3045 318 3088 mana,
329 3029 405 3079 malis
419 3045 551 3092 oneras..,;
569 3051 580 3075 »
592 3051 603 3076 α
617 3030 684 3080 tales
700 3046 745 3080 nec
760 3037 860 3095 tangere
874 3047 953 3081 curor
964 3047 996 3081 a:
1012 3032 1113 3088 scilicet,
1127 3035 1153 3078 ut
1167 3032 1263 3093 opinor,
1280 3031 1361 3079 omnia

239 3101 311 3150 molo
325 3116 457 3165 omnesque
466 3104 549 3151 animi
560 3101 673 3160 dolores,
685 3108 813 3167 quaesunt
828 3103 975 3166 istiusmodi,
985 3117 1072 3166 nempe
1082 3115 1144 3165 quae
1158 3103 1233 3150 amori
1248 3103 1362 3151 comitari

240 3176 327 3234 poetae
342 3186 437 3234 semper
450 3173 579 3221 finxerunt.
593 3173 659 3221 Felix
672 3188 730 3222 sane
745 3174 809 3222 Dido
822 3174 867 3221 init
878 3188 972 3233 amans,
986 3189 1035 3223 nan
1051 3180 1130 3223 tamen
1141 3186 1227 3222 secura
1239 3173 1292 3235 ejus
1307 3173 1362 3221 feli·

240 3243 301 3292 citas
316 3243 362 3291 fuit
376 3245 409 3306 (v.
426 3243 553 3306 seo-298).
571 3243 633 3293 Male
649 3244 786 3293 Coxrnororr
805 3248 828 3293 et
843 3245 884 3293 alii
901 3264 913 3289 a
930 3245 990 3293 tales
1009 3260 1053 3294 nec
1067 3249 1167 3308 tangere
1181 3257 1252 3292 curas
1268 3243 1363 3292 »idem

241 3314 291 3363 fere
305 3315 387 3363 valere
404 3315 488 3364 volunt
504 3330 532 3364 ac
547 3334 558 3360 (ι
576 3316 628 3364 siue
645 3316 746 3365 crimine
762 3335 789 3378 a,
805 3315 872 3365 velut
887 3317 907 3364 si
921 3316 1032 3379 culpam,
1047 3330 1109 3380 quae
1124 3316 1200 3365 amori
1215 3329 1259 3364 suo
1278 3316 1365 3364 inesse

240 3386 356 3448 potuerit,
371 3385 435 3435 Dido
448 3386 492 3434 hoc
507 3386 531 3434 iu
545 3387 599 3434 loco
612 3387 743 3449 significet.

271 3456 324 3506 Nou
341 3461 421 3504 tamen
436 3457 466 3505 de
487 3456 518 3505 iis
538 3471 600 3520 quae
621 3458 698 3506 amori
717 3459 787 3521 quasi
804 3472 929 3507 connexae
949 3458 1049 3507 haerere
1070 3463 1186 3522 putantur
1202 3457 1275 3507 curis
1289 3457 1364 3519 plane

241 3527 305 3576 idem
321 3529 394 3576 sentit
410 3526 473 3576 Dido
490 3532 561 3591 atque
582 3530 695 3592 antiquae
720 3529 845 3581 heroides.
865 3530 974 3594 Namque
996 3530 1091 3589 Medea,
1107 3530 1171 3578 sicut
1188 3533 1212 3577 et
1226 3529 1365 3590 Simaetha,

241 3613 347 3648 amorem
361 3599 471 3647 morbum
486 3613 541 3648 esse
553 3605 638 3648 censet
652 3616 667 3649 a
685 3601 766 3650 saevis
786 3600 840 3650 Diis
854 3601 989 3650 immissum
1014 3601 1055 3664 (de
1079 3616 1127 3665 quo
1143 3616 1168 3652 v.
1192 3602 1255 3650 inter
1273 3601 1365 3650 multos

241 3670 303 3719 aiios
319 3669 509 3729 Satura-Brona,
526 3669 616 3722 Portu.
639 3673 718 3729 cont,
740 3675 758 3720 t.
775 3671 804 3727 V.
827 3686 852 3734 p.
872 3671 937 3734 386),
959 3671 1023 3719 Dido
1043 3686 1101 3720 vero
1117 3678 1176 3723 ,tum
1191 3672 1287 3720 demum
1308 3685 1366 3720 cum

242 3741 360 3789 moritura
375 3745 412 3789 est
424 3740 543 3790 exclamet
558 3741 677 3804 (Medeam
690 3742 824 3806 Euripidis,
839 3756 863 3791 v.
882 3740 936 3804 493,
953 3742 1089 3806 Catullique
1107 3743 1249 3804 Ariadnam,
1264 3756 1289 3794 v.
1305 3742 1365 3792 171-

241 3810 288 3862 176
303 3811 411 3875 secuifll·
453 3873 526 3918 Felix!
540 3874 595 3918 henr
609 3875 703 3918 nimium
714 3876 767 3919 felix
779 3875 799 3918 ai
809 3875 874 3920 litora
888 3880 974 3919 tantum

453 3949 568 3994 uunquam
578 3938 701 3982 Dardaniae
716 3938 843 3995 tetigissent
853 3944 929 3982 nostra
941 3938 1029 3982 carinae
1040 3939 1086 3992 (Ν,
1094 3939 1198 3994 aot-est).

240 4043 321 4106 Atque
335 4041 373 4092 vel
389 4041 435 4092 hoc
450 4044 474 4092 in
488 4043 543 4094 loco
557 4048 660 4094 testatur
674 4044 789 4109 quamsit
803 4044 877 4095 menti
890 4059 948 4095 suae
958 4046 1059 4108 placens
1070 4047 1142 4096 etiam
1156 4051 1216 4110 tum,
1227 4045 1275 4094 nisi
1288 4047 1377 4097 amati·

240 4115 297 4175 viri,
313 4115 397 4164 saltem
410 4116 501 4164 amoris
515 4117 649 4166 memoria:

451 4229 534 4274 Deleta
548 4230 641 4275 exuviae
653 4230 707 4276 dum
717 4232 761 4276 iata
773 4233 875 4286 deasque
885 4231 972 4277 sinebat
983 4233 1030 4291 (Ν,
1043 4235 1100 4290 651),

241 4335 329 4401 quibus
343 4335 427 4386 verbis
440 4337 562 4401 significat
585 4352 611 4388 se
633 4339 701 4402 quasi
716 4339 814 4388 donum
828 4334 871 4389 da·
884 4339 949 4388 hunc
961 4355 1081 4403 amorem,
1101 4341 1147 4390 etsi
1167 4344 1215 4390 tam
1229 4338 1364 4392 infeliciter

242 4407 352 4470 desierit,
366 4408 516 4460 existimare.
