2940 5076
185 374 214 434 iv
639 392 833 438 rnoouurun.

182 587 222 631 ae
250 565 384 632 doctior
401 567 487 655 ipse,
520 567 663 656 ejusque
687 589 809 657 poema
834 568 1025 634 eruditione
1050 567 1299 634 redundantius

182 673 460 739 demonstratur?
478 673 593 753 Periit,
617 673 731 754 creda,
754 679 813 740 aut
828 674 973 762 jamjam
991 676 1144 764 peritura
1160 680 1210 741 cst
1224 676 1297 757 illa,

183 779 509 866 Scaligerotantum
534 780 718 863 celebrata,
743 809 758 843 «
780 780 980 867 Vergiliana
1001 781 1179 847 diviuitas¹
1205 810 1233 863 »,
1256 821 1300 829 —

178 887 282 976 inque
310 888 423 953 locum
448 888 558 953 eversi
583 887 776 977 dilapsique
801 889 875 969 Dei,
901 890 1016 955 nescio
1042 890 1118 978 quis
1146 889 1300 955 succedit

179 994 376 1081 diligentiae
397 996 598 1085 pertinacis,
626 996 747 1063 beatae
772 997 957 1062 memoriae
982 996 1195 1086 oallidaeque
1216 997 1298 1062 artis

178 1102 315 1184 homo²,
339 1104 414 1191 qui,
441 1104 591 1171 excussis
617 1126 777 1169 recensa
804 1103 943 1187 chartis,
974 1126 1121 1194 operosa
1145 1105 1299 1170 earmina

176 1210 225 1274 ita
253 1209 487 1297 confingebat,
519 1215 557 1276 ut
580 1210 624 1276 ad
652 1211 930 1277 hexametrorum
953 1212 1099 1278 formam
1124 1211 1299 1297 redigeret

178 1339 218 1382 ea
233 1339 320 1407 quae
335 1318 443 1384 multo
459 1318 584 1384 sudore
600 1317 789 1401 didicisset,
811 1340 881 1385 nou
897 1341 937 1385 ca
956 1342 1045 1408 quae
1061 1318 1196 1384 afflatus
1216 1341 1296 1385 vere

177 1426 311 1513 poetico
332 1426 453 1514 spiritu
473 1426 671 1492 invenisset.

219 1531 313 1599 Haec
329 1537 380 1598 est
395 1555 498 1599 causa
518 1555 578 1598 cur
597 1555 693 1599 mens
710 1534 792 1598 mihi
808 1533 911 1599 inerit
925 1534 1099 1623 inquirere
1116 1556 1158 1599 an
1176 1554 1296 1599 revera

175 1643 306 1705 tantum
332 1638 538 1706 labefactata
566 1644 598 1705 et
628 1663 667 1706 ex
692 1662 733 1706 ea
761 1642 859 1729 quasi
882 1640 1086 1730 probatione
1115 1640 1297 1706 imminuta

176 1748 323 1812 evaserit
349 1746 408 1812 illa
433 1746 590 1832 Vergilii,
622 1787 664 1796 —
695 1748 812 1837 (quam
839 1770 925 1837 pace
958 1750 1172 1838 asperiorum
1197 1748 1296 1813 latini

176 1855 344 1921 sermonis
373 1855 632 1920 aestimatorum
661 1854 920 1945 appellaverim)
955 1895 998 1904 —
1026 1855 1074 1921 uis
1112 1854 1291 1920 daventria.

175 1959 275 2040 Quod
299 1965 415 2026 autem
436 1961 568 2049 liquere
596 1963 734 2050 poterit,
757 1962 785 2027 si
810 1985 849 2028 ea
872 1963 959 2028 ratio
986 1963 1170 2048 diligenter
1192 1962 1296 2028 fuerit

174 2090 346 2159 perpensa
365 2091 434 2157 qua
453 2068 628 2155 Vergilius
649 2074 766 2135 utatur
787 2071 821 2134 in
849 2069 1047 2155 effingenda
1074 2070 1188 2136 indole
1208 2092 1295 2135 non-

175 2176 347 2242 nullarum
367 2197 592 2265 personarum
613 2198 697 2265 quas
718 2177 752 2241 iu
772 2198 897 2266 poema
916 2198 1017 2241 suum
1037 2177 1220 2242 induxerit.

206 2370 228 2419 l.
249 2371 284 2421 Cl.
302 2371 486 2432 Samso-Bcuvs,
502 2357 590 2420 E'tnde
604 2386 652 2421 sur
670 2370 775 2434 Virpitc,
790 2386 814 2434 p.
830 2371 876 2420 320
890 2376 914 2420 et
929 2371 984 2422 338,

204 2443 228 2491 2.
247 2442 283 2492 Cl.
300 2443 410 2502 Berorsr,
427 2442 540 2492 OEuures
554 2444 585 2492 de
604 2442 708 2507 Virpite,
724 2450 750 2497 2⁰
766 2445 818 2501 ed„
836 2459 862 2506 ρ.
879 2445 934 2503 cxv)
952 2459 958 2493 :
975 2464 986 2488 a
1008 2441 1106 2507 Virpite
1124 2442 1294 2505 possedaitd

172 2516 239 2579 fond
255 2513 278 2563 le
292 2514 386 2563 double
403 2518 485 2563 trdsor
498 2514 542 2563 des
556 2516 701 2580 aritiqnitds
715 2529 838 2580 precones
853 2518 878 2563 et
894 2514 996 2563 latinas.
1018 2517 1090 2563 Dans
1104 2529 1151 2563 sou
1166 2529 1261 2571 oerrure,
1273 2514 1294 2562 u

174 2602 190 2635 α
204 2587 254 2635 mis
270 2591 286 2635 d
301 2586 488 2645 contribuitur,
505 2601 565 2636 naec
585 2587 690 2636 t'ltiade
705 2591 730 2636 et
750 2585 890 2649 l’Odpssde,
913 2585 949 2634 tes
969 2587 1057 2650 ραὲίαα
1077 2586 1215 2650 cycliqires,
1233 2586 1295 2635 Sta-

172 2660 253 2717 sr'nas,
271 2659 386 2708 l’anteur
400 2659 444 2706 des
460 2657 560 2707 Glrants
574 2659 701 2722 appatens
722 2659 854 2715 dratinus,
870 2658 947 2722 quia
968 2661 1033 2706 e'crr't
1054 2657 1212 2720 l'lltbiopr'de
1226 2667 1252 2706 et
1266 2656 1293 2707 ta

172 2731 245 2779 Prise
259 2730 362 2789 d’llion,
379 2731 460 2794 Apias
474 2731 507 2779 de
524 2729 632 2779 Tre'zene
646 2730 743 2794 aerquet
758 2746 794 2779 on
809 2731 865 2779 doit
880 2729 916 2778 tes
929 2731 1044 2786 lictore-s,
1061 2730 1132 2793 enfin
1148 2729 1253 2778 Lescbes
1268 2732 1293 2778 et

172 2816 201 2851 sa
216 2803 300 2851 Petite
314 2801 407 2850 Iliade.
429 2800 452 2850 ll
471 2816 487 2850 a
509 2804 649 2865 ernprantc‘
665 2802 711 2850 des
731 2802 957 2865 renseipnenrents,
978 2801 1023 2849 des
1044 2800 1151 2858 details,
1167 2801 1212 2848 des
1235 2801 1293 2864 ἐρί-

172 2874 244 2923 sodes
268 2875 376 2931 entiers,
403 2887 458 2922 ααα
481 2873 579 2938 prauds
608 2873 742 2936 tropiques
764 2886 844 2937 precs,
869 2886 924 2920 aua
946 2871 1075 2936 tyriques,
1104 2887 1159 2920 arra
1188 2873 1294 2936 epiqurs

172 2944 354 2994 alexandrias.
375 2945 412 2993 On
428 2959 444 2992 α
456 2959 495 3008 pu
510 2946 642 2993 constater
657 2943 724 3007 qu'it
739 2958 755 2991 α
766 2943 846 3006 pause
858 2946 874 2991 d
890 2944 934 2991 des
947 2957 1048 2992 sources
1068 2958 1105 2991 au
1124 2943 1208 2991 nzoins
1222 2945 1294 2991 ααεειΙ

172 3015 333 3065 abundantes
347 3018 373 3064 et
387 3017 460 3065 aussi
474 3018 598 3064 sarantes
612 3029 662 3079 que
678 3013 785 3062 t'e'rndit
798 3015 883 3078 Dcnys
899 3013 1121 3065 d'Haticurnasse.
1139 3014 1250 3064 Soarrnt
1260 3030 1293 3064 on

171 3090 291 3136 retronea
305 3087 366 3136 cde:
382 3086 422 3136 lui
437 3087 464 3136 ta
481 3091 552 3135 truce
567 3087 611 3134 des
628 3085 767 3134 tradin'ons
782 3085 925 3134 recueitties
938 3101 989 3148 par
1006 3087 1101 3146 Coton,
1109 3101 1163 3150 par
1182 3087 1292 3145 Varron,

167 3174 219 3222 par
235 3158 271 3207 tes
287 3158 426 3208 historiens
440 3162 464 3207 et
481 3158 517 3207 les
531 3158 697 3222 untiqnnires
712 3156 745 3206 de
759 3156 985 3219 Ronre,ernbellies
1002 3161 1026 3206 et
1042 3159 1228 3221 transforrndes
1240 3172 1294 3221 par

171 3229 208 3278 tes
222 3231 329 3278 ariciens
342 3231 430 3293 poetes
445 3230 476 3279 de
494 3229 521 3278 ta
536 3227 706 3292 licpubttque,
724 3228 760 3277 tes
776 3229 879 3288 Neuius,
896 3228 933 3278 tes
947 3229 1048 3277 Ennius
1061 3233 1086 3277 et
1102 3227 1173 3278 terrrs
1187 3229 1291 3280 enudas.

172 3300 249 3352 Salon
272 3301 398 3362 Niebuhr,
414 3301 435 3349 il
454 3317 471 3350 a
491 3302 595 3349 montre'
616 3315 668 3348 une
688 3300 786 3349 scienee
804 3300 867 3349 dont
886 3315 922 3349 un
943 3299 1071 3349 bistorien
1090 3316 1116 3349 se
1135 3302 1180 3364 fut
1204 3304 1297 3350 trouve

167 3387 281 3437 presque
301 3372 454 3436 surcbarpt,
471 3375 496 3420 et
520 3373 589 3420 (tans
610 3363 735 3428 t'b'ne'ide,
758 3386 792 3419 un
818 3371 945 3420 historica
970 3376 1090 3421 tranvera
1106 3387 1168 3421 sans
1186 3387 1255 3421 cesse
1275 3375 1293 3422 d

171 3442 289 3493 admirer
303 3448 328 3493 et
343 3447 360 3492 ὰ
375 3444 500 3506 elatrasser
519 3443 563 3491 des
584 3441 673 3490 c'tudes
689 3441 851 3507 protonpees,
872 3446 919 3491 etc.
942 3462 953 3486 n
976 3471 1005 3478 -
1028 3444 1096 3500 llnn,
1116 3444 1153 3491 Lu
1174 3442 1292 3506 Legenda

172 3507 267 3564 d'Ende
282 3516 374 3577 (Ruvuu
384 3531 412 3562 ou
426 3515 515 3564 u'llrsr.
530 3528 571 3561 cus
587 3513 720 3571 Ruurorons,
733 3518 749 3561 t.
760 3512 801 3572 Vl,
816 3529 841 3576 p.
852 3513 968 3576 311-312)
984 3529 989 3562 :
1007 3533 1018 3557 «
1080 3515 1169 3562 Toutes
1185 3514 1221 3563 tes
1237 3519 1293 3563 tra-

172 3587 270 3636 ditione
284 3587 423 3634 aneienacs
438 3599 488 3649 que
503 3599 569 3634 nous
583 3598 662 3632 avons
676 3584 832 3642 eaamirrccs,
849 3585 946 3650 Virgile
962 3583 1000 3633 les
1018 3600 1035 3632 α
1053 3586 1166 3648 fondacs
1185 3585 1293 3634 barmo-

171 3661 331 3709 nienscment
354 3657 422 3706 (tans
446 3672 482 3705 nn
502 3657 593 3720 poema
619 3660 652 3704 ou
675 3656 702 3704 ta
724 3658 852 3718 paicurete‘
873 3656 905 3706 de
931 3655 958 3705 la
981 3657 1091 3705 rnatierc
1115 3658 1167 3720 fait
1188 3658 1293 3706 estimer

171 3733 319 3794 davantriae
339 3731 363 3778 te
384 3729 477 3777 rne'rite
496 3726 691 3791 tneornparabte
712 3728 744 3776 de
763 3728 913 3778 t’ouvricr...
929 3729 1051 3787 Naeuius,
1067 3729 1176 3789 Errrrins,
1199 3728 1292 3787 Calon,

175 3803 284 3861 Varron,
301 3805 360 3850 tous
376 3800 411 3849 les
426 3799 573 3849 annutisles
587 3799 619 3847 de
635 3798 699 3863 t'dpe
709 3801 858 3869 precedent,
874 3803 932 3849 toas
948 3799 984 3849 les
997 3801 1084 3864 poetes
1099 3803 1145 3849 ont
1159 3803 1201 3849 e'tc'
1214 3802 1293 3848 ruisd

170 3872 346 3922 contribution
362 3887 430 3935 ρααν
450 3871 476 3919 tu
496 3871 665 3932 composition
687 3869 720 3920 de
739 3870 865 3929 t’Euc'ide,
887 3875 912 3920 et
928 3872 985 3920 cela
1005 3887 1064 3921 auec
1083 3887 1119 3920 un
1138 3874 1202 3934 podt
1212 3872 1293 3935 judi-

171 3945 256 4003 cieua,
271 3959 323 3993 une
341 3946 439 3992 seicuce
451 3941 592 4006 profonda,
609 3957 645 3990 ren
664 3943 737 3991 sorici
757 3944 878 3991 constant
892 3942 923 3992 de
939 3942 965 3991 ta
987 3943 1095 3992 couleur
1113 3944 1291 4007 histortqne...

171 4016 231 4064 Ana
244 4017 463 4080 renseipnements
482 4013 586 4076 saurais
601 4028 654 4076 par
674 4013 711 4062 tes
729 4012 911 4079 arrbeolopues
930 4015 962 4063 de
978 4015 1126 4078 profession
1148 4013 1293 4078 s'ajoutent

172 4086 209 4136 les
228 4088 340 4136 doune'es
360 4087 391 4134 de
411 4085 439 4134 la
457 4085 599 4148 cluonr'que
619 4083 711 4137 locale.
731 4084 827 4150 Virgile
844 4100 860 4134 α
876 4088 983 4149 penetra
1002 4086 1036 4134 trs
1053 4091 1149 4135 secrets
1168 4085 1214 4134 des
1229 4086 1293 4149 ptus

172 4158 320 4209 vdrrdrabtes
333 4157 506 4215 sanctuaircs,
521 4155 654 4219 deponitte'
666 4157 702 4206 tes
717 4156 833 4206 arcbives
848 4157 883 4205 du
898 4157 1048 4220 pontificat,
1063 4160 1153 4206 serutd
1166 4156 1293 4208 lestines

171 4230 301 4294 sybiltias,
317 4229 437 4279 consultd
450 4227 486 4277 tes
501 4228 653 4277 docurnents
671 4231 759 4278 sacrds
773 4243 819 4277 sur
833 4226 860 4276 ta
878 4228 1020 4292 fondation
1034 4229 1080 4278 des
1099 4228 1179 4286 vities,
1195 4229 1296 4293 plange

172 4318 231 4353 auec
247 4304 270 4351 te
284 4303 380 4366 repurd
393 4301 430 4350 du
442 4301 519 4364 poete
533 4302 559 4348 et
574 4299 641 4350 cetui
656 4301 688 4350 de
703 4299 873 4364 t'antr'qnaire
888 4301 956 4349 daris
972 4300 1007 4349 tes
1023 4299 1138 4350 truanes
1156 4303 1203 4364 qut
1217 4316 1292 4350 enve-

172 4374 280 4439 toppent
294 4374 330 4424 les
343 4374 500 4438 migrations
512 4372 657 4436 primitivas
665 4372 710 4423 des
717 4371 833 4436 periples,
850 4371 970 4437 t'aripine
985 4373 1028 4421 des
1039 4373 1152 4435 prandes
1163 4372 1289 4436 familias,

172 4448 208 4499 tes
224 4446 456 4512 transsorrnntions
469 4444 577 4494 sociates
590 4447 615 4494 ct
630 4443 812 4494 t’etaboration
828 4443 872 4493 des
885 4457 1024 4508 croyances
1041 4442 1199 4510 retiqicuses.
1215 4463 1227 4491 n
