2940 5076
173 351 216 418 82
632 377 708 424 raas
732 354 836 426 aaron.

173 554 336 630 mentem,
367 550 624 617 instaurandam
651 574 727 619 esse
757 553 799 636 ei,
831 551 948 618 Aenea
975 552 1141 643 prolecto,
1173 553 1291 637 vitam,

174 678 278 747 quam
303 662 404 723 antea
428 656 596 744 degerit¹‚
624 660 762 726 tametsi
788 664 822 726 et
852 681 997 746 regnum
1024 660 1233 743 curandum,
1262 667 1296 728 et

172 764 256 830 urbs
277 763 531 848 constituenda,
555 771 588 832 et
604 767 703 833 Anna
725 767 833 833 amica
854 768 1013 856 supersit.
1038 765 1107 834 Sed
1133 769 1200 834 ista
1225 789 1296 836 me-

172 871 239 937 lius
255 893 358 960 quam
375 894 439 958 ego
454 873 586 961 possim
603 875 769 964 expressit
783 879 897 964 poeta,
915 874 974 940 illo
991 874 1135 942 Didonis
1151 875 1296 943 conficto

173 979 318 1058 somnio,
341 1000 409 1067 quo
434 979 627 1046 solitudinis
648 981 751 1046 istum
772 981 870 1070 quasi
890 981 1072 1070 puerilem,
1095 983 1296 1072 potentissi-

173 1107 268 1151 mum
288 1090 414 1168 tamen,
436 1079 583 1170 metum,
610 1092 681 1154 tam
699 1087 814 1154 vivide
835 1090 1129 1179 repraesentavit:

699 1317 770 1382 Agit
787 1318 851 1382 ipse
866 1317 1012 1370 furentem

375 1395 534 1448 insomnis
550 1395 628 1448 forus
644 1400 776 1460 Aeneas3
791 1412 945 1462 semperque
959 1398 1075 1463 relinqui

373 1478 432 1527 sola
445 1475 506 1534 sibi,
521 1491 625 1540 semper
641 1477 748 1541 tanqam
759 1479 917 1528 incomitata
932 1477 1037 1527 videtur

374 1558 414 1606 ire
428 1557 502 1605 oium
514 1564 537 1606 et
549 1557 643 1621 Tyrios
659 1557 762 1608 deserto
776 1573 903 1623 quaerere
915 1565 987 1607 terra
995 1561 1013 1606 ².

217 1744 316 1811 Nunc
336 1751 451 1812 autem
465 1745 565 1811 nobis
584 1746 830 1836 inquirendum
849 1745 933 1835 quid
952 1746 986 1811 in
1007 1745 1060 1810 his
1074 1745 1225 1834 querelis
1237 1749 1296 1811 aut

171 1852 333 1942 precihus
349 1853 393 1918 ab
413 1852 587 1943 Euripidis
603 1851 737 1937 Medea,
754 1853 997 1943 Apolloniiqne
1018 1851 1212 1941 Hypsipyle
1234 1850 1296 1918 Ca-

172 1959 317 2048 tullique
347 1957 468 2026 Medea
497 1958 670 2045 Vergilius
700 1960 893 2026 extraxerit.
931 1959 1088 2048 Namque
1126 1958 1175 2023 ibi
1208 1958 1296 2023 nihil

172 2067 311 2132 omnino
331 2089 371 2132 ex
386 2066 561 2132 homerica
576 2065 767 2157 Calypsone
783 2065 837 2132 vel
858 2065 955 2132 Circa
975 2064 1171 2131 ducendum
1187 2065 1294 2131 luisse

171 2175 396 2264 perspicuum
415 2179 476 2240 est.
502 2173 569 2240 Sed
590 2173 633 2239 de
654 2175 729 2240 aliis
746 2197 882 2264 quoque
903 2174 1123 2264 paucissima.

217 2281 382 2348 Irascitur
396 2283 486 2347 enim
502 2283 572 2348 sive
595 2283 842 2372 Apolloniana,
870 2283 940 2347 sive
961 2281 1150 2370 Euripiden
1174 2280 1297 2350 Medea

171 2389 285 2478 potius
306 2411 410 2479 quam
430 2388 535 2455 dolet.
560 2389 629 2455 Nec
649 2390 796 2471 mirum;
820 2390 949 2479 quippe
970 2390 1024 2454 cui
1043 2394 1081 2454 ut
1105 2389 1211 2455 nimia
1241 2411 1296 2454 su-

170 2494 294 2586 perbia
313 2495 419 2585 (apud
438 2500 623 2585 utrumqne
652 2496 803 2585 poetam)
832 2496 925 2577 insit,
955 2517 1148 2586 parumque
1178 2496 1294 2561 animo

172 2602 293 2668 insitus
312 2603 355 2668 sit
376 2602 480 2692 (apud
500 2603 725 2691 Apollonium
744 2601 878 2692 saltem)
895 2623 976 2687 erga
995 2602 1160 2670 tasonem
1176 2623 1290 2684 amor,

172 2710 281 2777 -ita
300 2710 443 2776 nimium
469 2732 591 2796 graves
612 2709 800 2776 ulciscendi
819 2730 946 2776 causae
970 2709 1074 2800 (apud
1092 2709 1296 2799 Euripidem

171 2816 369 2907 praecipue)
398 2817 584 2884 derelictae
611 2817 747 2884 Jasonis
772 2818 870 2883 uxori
896 2822 1098 2908 suppetant,
1126 2839 1231 2906 quam
1258 2821 1296 2884 ut

172 2924 382 2991 descendere
411 2925 456 2991 ad
484 2926 544 2992 illa
572 2924 780 3016 postulanda
809 2926 1032 3015 possitquae
1059 2925 1148 2991 Dido
1177 2930 1297 2992 contra

170 3053 417 3123 perpessuram
438 3055 474 3099 se
489 3033 638 3099 libenter
657 3032 820 3114 declaret,
841 3032 1028 3099 dummodo
1048 3033 1103 3098 vel
1122 3032 1295 3099 tantillum

173 3141 333 3206 annuerit
351 3140 485 3206 Aeneas
506 3140 629 3207 oranti.
652 3139 808 3207 Medeam
827 3140 945 3226 igitur,
967 3145 1040 3207 tum
1054 3139 1098 3206 ab
1113 3139 1293 3230 Euripide,

173 3347 273 3408 experta
289 3349 336 3404 est,
352 3346 512 3394 calamitatem
529 3345 643 3407 perculsa
655 3348 744 3406 stupet.
760 3343 826 3392 Idem
838 3344 1034 3394 allectusevers.
1050 3343 1096 3393 586
1112 3358 1167 3407 sqq.
1183 3345 1272 3393 eminet
1289 3357 1295 3392 :

427 3478 510 3534 Regina
523 3491 535 3521 e
546 3477 642 3532 speculis
653 3483 677 3520 ut
688 3477 784 3532 primum
807 3477 918 3520 albescere
931 3476 1003 3519 lucem

426 3542 483 3584 vidit
496 3548 517 3584 at
530 3542 629 3595 aequatis
644 3540 738 3582 classem
749 3541 867 3594 procedere
878 3541 942 3593 velis,

426 3603 535 3660 litoraque
544 3611 565 3648 ot
576 3616 657 3647 vacuos
670 3604 741 3646 sensit
755 3604 804 3646 sine
818 3604 900 3659 remige
913 3609 1028 3658 portus...

173 3744 244 3792 quem
258 3729 338 3778 locum
354 3746 417 3779 unus
427 3731 552 3793 praeclare
567 3729 698 3778 illustravit
713 3728 872 3778 Pnencxxue:
885 3749 896 3773 a
908 3729 954 3778 Cur
965 3729 1004 3777 hic
1018 3729 1121 3778 sensit?
1135 3729 1196 3779 Nam
1207 3730 1249 3778 ubi
1259 3730 1295 3778 vi·

172 3800 250 3849 derat
264 3802 366 3850 classem
383 3807 530 3865 provectam,
547 3802 619 3849 litora
629 3804 652 3848 et
667 3805 751 3864 portus
770 3815 824 3849 esse
845 3815 936 3849 vacuos
956 3802 1008 3864 ipse
1028 3802 1169 3864 intellegere
1191 3806 1294 3864 poterat.

174 3872 261 3922 Sensit
276 3874 389 3922 nimirum
404 3879 441 3923 est
456 3894 467 3919 a
482 3888 534 3922 cum
547 3873 620 3922 tacito
636 3886 664 3920 ac
675 3871 743 3934 gravi
757 3886 866 3920 maerore
880 3873 966 3922 cernit.
984 3892 995 3916 a
1013 3873 1041 3921 Et
1055 3877 1092 3922 est
1106 3872 1161 3921 talis
1176 3873 1294 3937 solitudo,

173 3944 215 3992 ubi
231 3946 303 4006 paulo
318 3950 373 3995 ante
389 3951 457 4010 grata
471 3951 495 3995 et
509 3944 593 3993 hilaris
605 3948 657 3992 erat
670 3944 814 4006 frequentin,
830 3944 980 3993 adsensum
998 3945 1146 3993 tristissima.
1165 3962 1177 3987 »

205 4016 227 4066 1.
244 4016 280 4067 ot.
298 4016 337 4075 lV,
353 4018 400 4066 550
418 4033 423 4064 :
439 4018 531 4080 Degere
546 4029 612 4063 more
626 4016 708 4079 ferae.
730 4041 761 4050 —
783 4014 819 4063 Dc
837 4015 920 4063 verbis
946 4016 1013 4074 istis,
1037 4029 1140 4078 quorum
1164 4029 1251 4063 sensus
1271 4017 1295 4064 in

173 4089 271 4137 multam
286 4089 487 4152 disceptationem
505 4089 579 4145 venit,
596 4087 653 4136 vide
671 4087 742 4144 inira,
759 4100 801 4134 xn.

97 4204 100 4209 .
207 4159 230 4207 2.
248 4161 354 4209 Alteram
369 4174 466 4223 quoque
481 4159 598 4208 moriendi
614 4173 668 4207 esse
690 4172 787 4206 causam
811 4158 899 4206 Didoni
924 4158 1048 4222 Vergilius
1072 4163 1152 4206 monet
1177 4173 1182 4205 :
1208 4160 1295 4207 samam

174 4231 268 4279 seilicet
288 4231 338 4294 llV,
360 4231 477 4292 321-322;
498 4233 529 4282 cl.
547 4229 593 4279 173
613 4245 676 4293 sqq,
699 4229 742 4279 191
765 4230 839 4292 sqq).
866 4229 915 4278 Sed
938 4231 1003 4278 illam
1028 4229 1106 4278 obiter
1129 4232 1295 4279 tantummodo

174 4303 278 4365 attingit,
294 4318 372 4367 neque
387 4304 507 4352 Didonem
522 4303 629 4364 dignitas
642 4315 688 4350 sua
706 4301 838 4363 praecipue
853 4302 883 4351 ad
905 4301 1064 4350 voluntariam
1086 4301 1124 4347 sui
1144 4316 1226 4350 necem
1250 4302 1295 4350 ad-

171 4373 249 4434 ducit,
265 4376 307 4423 sed
323 4376 401 4426 dolor.
418 4375 454 4424 ct.
472 4374 511 4433 Ν,
524 4374 586 4422 tat:
604 4374 665 4435 Ergo
679 4373 718 4420 ubi
731 4373 844 4435 concepit
865 4374 940 4421 turias
953 4373 1036 4422 euicto
1053 4371 1149 4423 dolore.
1161 4399 1193 4409 -
1206 4372 1295 4436 Dispu-

172 4445 265 4494 tabitur
279 4446 341 4495 inira
354 4461 410 4497 num
424 4448 506 4496 inesse
518 4444 641 4508 quandam
651 4443 741 4492 Didoni
751 4444 845 4506 peccati
856 4444 1030 4493 conscientiam
1043 4442 1166 4506 Vergilius
1179 4444 1293 4494 voluerit.
