2940 5076
604 367 701 414 curur
726 366 858 414 seusun.
1229 344 1287 409 151

171 542 304 610 invisus
330 542 457 609 invitae
486 543 622 633 puellae
646 549 765 633 raptor
792 543 914 610 lectori
932 545 1122 632 reputetur.
1145 539 1195 607 Ea
1214 562 1294 606 con·

171 655 227 717 tra
262 650 431 718 industria
455 650 630 737 Vergilius
659 651 767 718 verba
790 672 854 718 sua
882 655 915 717 et
936 648 1041 735 elegit
1066 652 1101 715 et
1123 647 1294 738 disposuit

172 763 208 824 ct
226 758 326 847 quasi
352 759 559 848 temperavit
586 764 624 825 ut
643 758 787 825 Lavinia
804 759 839 823 in
863 758 1017 824 Aeneam
1044 777 1087 821 ne
1115 754 1293 820 minimam

171 864 315 954 quidem
334 864 403 931 odii
424 866 576 955 speciem
596 888 679 955 prae
701 887 737 931 se
756 867 879 947 ferret,
906 885 1072 953 suamque
1105 883 1189 948 erga
1208 861 1293 928 Tur·

171 993 254 1037 num
275 971 572 1038 benevolentiam¹
595 974 741 1039 maxime
762 973 1023 1061 circumspecta,
1046 974 1218 1058 tectaque,
1237 969 1292 1034 vel

173 1079 291 1161 etiam,
314 1085 352 1145 ut
379 1079 548 1163 vidimus,
570 1081 713 1169 paulum
742 1079 908 1167 ambigua
934 1077 1149 1145 confessione
1169 1075 1292 1143 leviter
1315 1108 1318 1117 ·

172 1186 411 1253 tantummodo
444 1187 599 1274 detegat,
641 1192 675 1254 et
707 1187 902 1254 subindicet
933 1186 1048 1276 potius
1079 1205 1184 1273 quain
1214 1205 1294 1249 vere

172 1292 332 1359 fateatur.
358 1293 425 1360 Dat
448 1295 554 1380 igitur
577 1295 678 1361 nobis
698 1300 801 1385 poeta
820 1315 940 1360 ansam
961 1291 1004 1359 ad
1024 1289 1291 1377 conjiciendum,

171 1398 267 1465 illam
295 1398 407 1466 Latini
438 1401 528 1468 filiae
558 1402 593 1468 in
630 1402 837 1468 Rutulorum
867 1421 987 1487 regem
1015 1398 1295 1465 benevolentiam

174 1507 309 1573 nonnisi
328 1508 440 1574 levem
462 1531 536 1575 csse
556 1515 765 1599 tenuemque
786 1517 820 1574 et
845 1509 900 1574 vix
925 1506 1126 1574 inchoatum
1147 1505 1294 1593 junioris

174 1614 279 1679 animi
297 1616 419 1704 suique
439 1617 548 1705 ipsius
568 1617 666 1682 inscii
687 1616 871 1699 adiectum,
885 1615 946 1705 qui
965 1614 1106 1704 quidem
1121 1612 1295 1679 radicibus

172 1742 241 1786 non
261 1721 362 1787 altius
389 1724 474 1789 actis
497 1723 594 1789 brevi
621 1722 820 1813 dilapsurus
852 1724 913 1804 sit,
939 1726 1124 1813 postquam
1152 1718 1297 1786 Lavinia

171 1827 310 1894 victoris
333 1829 460 1913 herois,
481 1830 674 1920 illustrique
695 1836 728 1896 et
749 1852 860 1920 paene
882 1829 998 1895 divina
1016 1829 1128 1915 gloria
1147 1829 1294 1894 circum-

173 1933 258 2018 fusi,
280 1937 442 2026 regisque
463 1959 481 2003 e
501 1964 517 1998 u
544 1937 719 2027 praedone
746 1965 762 1998 u
792 1943 827 2003 et
855 1937 971 2003 exsule
999 1936 1096 2018 facti,
1128 1934 1297 2001 honestis·

175 2041 262 2108 simo
283 2043 444 2131 conjugio
464 2044 660 2111 laetabitur.

218 2149 379 2216 Attamen
399 2140 537 2216 Aeneae
556 2151 696 2240 quidem
712 2151 894 2217 utilitatem
906 2154 939 2216 et
951 2148 1106 2215 omnium
1125 2149 1295 2237 poematis

176 2256 326 2344 partium
352 2258 451 2347 quasi
480 2258 700 2325 concordiam
720 2265 753 2324 et
780 2257 1070 2347 conspirationem
1097 2256 1294 2345 respicienti

175 2361 285 2429 videri
304 2369 433 2452 potest,
461 2365 625 2448 concedo,
649 2366 771 2432 melius
800 2365 954 2431 futurum
982 2363 1088 2429 luisse
1109 2363 1138 2428 si
1160 2363 1295 2430 nullum

174 2470 312 2535 omuino
351 2477 561 2538 secretorum
599 2472 759 2539 Lauiniae
793 2492 956 2538 sensuum
991 2469 1155 2537 traditum
1193 2470 1294 2536 nobis

173 2574 295 2642 luisset
309 2578 490 2661 indicium,
513 2579 773 2670 disceptataque
797 2578 890 2644 bello
910 2577 1029 2668 puella
1047 2578 1160 2643 neutri
1179 2599 1215 2643 se
1232 2600 1293 2667 po-

173 2683 240 2748 tius
268 2684 384 2751 favere
413 2686 657 2771 significasset,
694 2690 854 2751 neutrum
890 2684 1143 2774 anteposuisset
1175 2685 1290 2766 alteri,

174 2810 321 2879 cumque
352 2814 475 2859 serena
501 2793 651 2882 quadam
680 2795 731 2859 sui
760 2793 868 2881 ipsius
888 2782 1108 2879 neglegentia
1131 2796 1293 2858 venturos

174 2904 405 2986 exspectasset
438 2906 592 2966 eventus.
619 2900 754 2966 Etenim
773 2901 808 2965 iu
830 2900 894 2965 hac
922 2899 1091 2987 poematis
1120 2897 1164 2964 ad
1189 2897 1294 2964 finem

174 3006 346 3090 vergentis
374 3011 492 3095 parte,
527 3029 678 3089 summa,
715 3014 752 3073 ut
785 3008 919 3096 opinor,
946 3005 1126 3092 diligentia
1155 3005 1295 3071 vitanda

173 3109 270 3176 fuere
310 3135 548 3203 quaecumque
590 3115 644 3180 vel
679 3114 850 3182 tantulum
884 3112 1034 3179 invidiae
1066 3113 1204 3179 Aeneae
1235 3136 1294 3202 pa-

175 3219 328 3284 rarentl.

221 3323 289 3392 Cur
303 3332 418 3393 autem
437 3328 524 3394 illud
552 3328 594 3394 de
615 3328 772 3412 Lavinia,
802 3328 896 3419 quod
920 3328 1057 3394 Aeneae
1079 3328 1295 3417 aliquantum

176 3454 302 3498 nocere
318 3440 447 3523 posset,
466 3435 591 3501 dixisse
611 3435 803 3523 Vergilium
820 3435 1047 3502 arbitremur?
1065 3435 1119 3500 An
1139 3436 1295 3502 consulto

177 3560 258 3605 eum
271 3539 393 3607 fecisse
415 3542 608 3626 credamus,
631 3566 699 3633 quo
720 3544 829 3629 magis
849 3547 984 3633 pateret
1006 3542 1041 3607 iu
1062 3542 1135 3609 solo
1154 3543 1295 3609 numine

177 3644 329 3712 Deorum
364 3648 436 3714 fata
471 3650 586 3716 herois
617 3650 852 3716 Romanorum
886 3649 1073 3717 conditoris
1110 3654 1143 3715 et
1176 3651 1297 3738 proavi

176 3752 282 3822 fuisse
308 3757 430 3844 posita,
450 3778 519 3822 nou
538 3759 572 3822 iu
596 3756 755 3825 humanis
775 3757 980 3838 adfectibus,
1002 3758 1051 3822 ita
1075 3762 1111 3822 ut
1137 3756 1222 3822 nihil
1241 3778 1296 3822 re-

177 3860 283 3927 ferret
310 3870 426 3929 utrum
452 3864 570 3930 volens
590 3886 632 3930 an
652 3865 773 3931 uolens
794 3863 1003 3931 destinatum
1026 3863 1093 3931 sibi
1112 3885 1132 3929 a
1153 3861 1296 3953 Superis

208 4146 232 4199 1.
248 4147 315 4196 Bene
329 4145 464 4196 Voiruua:
480 4166 492 4191 u
502 4147 688 4206 <Lauinie>
701 4145 745 4196 a'a
756 4148 833 4211 point
848 4145 880 4196 dc
894 4147 1049 4209 repugueuce
1064 4159 1134 4210 pour
1150 4146 1262 4198 Turnus.
1283 4168 1295 4194 n

177 4219 266 4283 (Esset
278 4233 325 4267 sur
340 4217 367 4267 lu
378 4218 464 4282 poeste
478 4219 580 4283 tpique,
596 4217 677 4281 1733.)

208 4290 231 4340 2.
252 4292 276 4339 lu
298 4304 341 4337 sex
361 4289 491 4352 postremis
509 4289 627 4337 Aeneidis
650 4290 720 4338 libris
739 4291 763 4338 iu
785 4290 893 4338 Aeneam
916 4288 996 4337 minus
1011 4303 1082 4352 quum
1097 4290 1121 4337 iu
1137 4291 1192 4352 ejus
1213 4290 1297 4341 hostes

178 4362 309 4426 legentium
325 4364 431 4409 iuvorem
447 4374 555 4421 vergere,
567 4362 664 4422 saepius
678 4368 714 4410 est
727 4361 930 4409 animadversum.
947 4348 984 4408 Cl.
999 4374 1020 4410 e.
1036 4375 1059 4423 g.
1075 4359 1205 4423 Vourams,
1221 4361 1297 4411 Esset

178 4448 225 4480 sur
237 4433 264 4482 lu
280 4435 366 4482 i'odsie
380 4432 472 4496 e'pique
483 4431 572 4493 (17:33).
