2940 5076
595 397 692 447 onear
716 397 866 443 rearruu.
1247 372 1289 439 ts

169 568 281 635 forma
304 568 468 637 induitur.
495 570 691 638 Adhibetur
715 572 828 641 ethic
856 569 1094 637 tantummodo
1124 566 1288 650 artoldi«,

171 699 260 764 quae
281 677 451 761 ψυχολογίαν
469 682 528 743 sut
542 684 733 768 praetegat,
755 683 815 745 sut
833 677 975 765 adjuvet
986 679 1008 744 ¹.

218 781 342 873 Omnia
357 790 476 851 contra
490 785 583 876 apud
595 786 842 876 Apollonium²
859 786 940 852 iacit
953 786 1061 852 telum
1077 783 1255 875 Cupidinis
1265 785 1288 851 ⁸.

172 890 350 957 Libentius
370 912 453 978 ergo
472 914 513 959 ac
537 894 700 959 minutius
728 898 831 982 poeta
855 915 923 959 non
949 892 1060 958 solum
1079 891 1292 982 Aphroditac

173 1002 207 1063 et
240 997 353 1065 Herae
387 1000 567 1066 consilium
604 999 769 1067 describit
806 999 912 1090 (quod
941 1004 974 1065 et
1001 998 1201 1088 Vergilius),
1231 998 1293 1064 sed

173 1105 276 1170 etiam
294 1104 508 1195 Aphroditae
528 1129 607 1173 cum
625 1107 748 1173 festivo
768 1107 1030 1195 contumacique
1047 1112 1081 1172 et
1099 1107 1213 1173 minus
1232 1105 1294 1172 ob·

173 1213 330 1301 sequenti
347 1218 428 1279 nato
448 1213 670 1303 colloquium,
695 1219 768 1280 tum
789 1213 971 1303 perfidiam
998 1211 1165 1302 dolosque
1190 1212 1309 1301 nupia
1408 1273 1409 1281 ,

126 1344 134 1358 ·
172 1319 277 1401 dinis,
301 1318 442 1387 Medeae
465 1321 572 1388 limen
595 1321 713 1388 furtim
738 1321 903 1407 ingressi,
929 1321 1110 1410 ipsamque
1139 1319 1294 1386 clanculo

172 1427 325 1516 puellam
352 1429 478 1513 sagitta
500 1430 722 1518 percutientis
749 1449 756 1495 :
783 1427 958 1518 lepidam*
983 1449 1064 1494 sane
1091 1427 1292 1514 imaginem,

173 1555 262 1623 quae
290 1535 431 1623 quidem
458 1535 504 1602 ad
528 1536 701 1602 curiosam
726 1536 826 1601 vivae
854 1539 998 1602 naturae
1027 1533 1295 1624 descriptionem

172 1639 398 1709 additamenti
421 1643 530 1712 instar
555 1645 583 1710 si
608 1643 761 1725 accedat,
786 1642 873 1711 nihil
897 1643 927 1708 ei
956 1647 1117 1724 noceret;
1144 1641 1295 1710 absentis

172 1769 255 1814 vero
273 1747 445 1816 humanae
464 1751 618 1817 veritatis
638 1751 748 1817 vicem
768 1749 930 1839 supplere
948 1749 1079 1839 nequit.

710 2062 756 2131 Vl

272 2280 313 2322 DE
332 2279 461 2324 DIDONIS
479 2281 567 2325 ERGA
586 2282 722 2326 AENEAM
740 2281 862 2327 AMORIS
881 2281 996 2325 CAUSIS
1015 2281 1054 2323 ET
1072 2282 1203 2325 NATURA

110 2567 115 2573 .
219 2505 336 2572 Primo
355 2507 462 2594 igitur
484 2507 574 2574 libro
594 2511 754 2590 exeunte,
778 2507 951 2593 Vergilius
976 2515 1049 2575 tum
1072 2510 1295 2599 praeteritam

174 2612 318 2680 Didonis
341 2615 465 2696 vitam,
496 2637 574 2682 cum
598 2620 816 2705 praesentem
843 2616 918 2702 ejus
945 2643 961 2676 «
983 2616 1131 2682 labantis
1153 2644 1169 2677 »
1191 2618 1296 2682 animi

175 2719 333 2787 habitum
360 2722 536 2788 enucleate
557 2722 632 2809 jam
658 2723 830 2811 exposuit,
859 2721 946 2789 adeo
973 2723 1077 2789 etiam
1104 2728 1158 2806 nt,
1189 2723 1294 2790 adfir-

175 2832 291 2894 mante
319 2828 354 2894 in
379 2828 476 2894 initio
499 2829 612 2918 quarti
640 2828 721 2894 libri
743 2833 847 2918 pocta
867 2856 883 2890 «
902 2827 1115 2918 jamdudum
1137 2857 1164 2919 a¹
1178 2852 1294 2896 amore

176 2935 326 3002 sauciam
345 2957 420 3006 esse
440 2938 606 3021 reginam,
634 2959 677 3002 ne
702 2934 824 3003 subeat
847 2937 989 3027 quidem
1013 2959 1074 3006 nos
1098 2937 1296 3024 refragandi

210 3238 233 3285 1.
253 3238 288 3289 (ΙΙ.
307 3238 426 3299 Borssun,
440 3241 521 3290 Nouo.
536 3240 655 3289 Promea.
671 3238 795 3299 archeot„
810 3238 912 3289 303304
929 3257 934 3289 :
951 3260 963 3285 u
1023 3241 1199 3290 Arione-nous
1213 3240 1297 3290 beroia

179 3308 212 3358 de
228 3309 422 3359 l’interoention
440 3311 471 3360 de
483 3314 542 3360 tant
558 3311 589 3360 de
605 3310 726 3360 diviniter
733 3326 805 3375 pour
814 3326 877 3360 nous
887 3312 1024 3376 expliquer
1034 3315 1162 3361 comment
1171 3312 1192 3360 it
1205 3327 1231 3360 se
1245 3314 1299 3376 fait

182 3380 276 3446 qu’une
289 3383 384 3443 femme
394 3383 476 3446 jaune
491 3386 516 3431 et
532 3382 603 3441 belle,
620 3385 666 3448 qui
681 3398 697 3432 a
712 3383 845 3448 beaucoup
860 3385 942 3442 aime,
963 3383 1082 3447 s’e'prend
1099 3399 1134 3432 un
1151 3384 1217 3448 jour
1235 3384 1299 3434 d'un

182 3452 256 3501 heros
268 3454 314 3517 qui
328 3452 366 3501 tui
380 3457 487 3502 raconte
501 3453 579 3503 d'une
593 3452 748 3504 munierant
764 3455 905 3503 touclrvante
919 3470 959 3503 ses
973 3454 1108 3503 matheum
1126 3459 1151 3504 et
1169 3469 1208 3504 ses
1222 3469 1301 3504 auen-

182 3525 276 3573 tures?
292 3543 304 3568 a
316 3551 348 3560 —
361 3525 427 3573 Bene
441 3530 466 3574 et
480 3526 540 3575 illud
556 3528 638 3574 nescio
653 3527 708 3590 quis
723 3527 873 3586 observavit,
888 3541 918 3574 ne
931 3540 1029 3574 monere
1040 3526 1138 3588 quidem
1153 3541 1198 3574 nos
1215 3527 1301 3589 Vergi-

182 3595 240 3646 lium
255 3596 352 3658 quando
366 3595 461 3658 Cupido
477 3598 608 3645 recesserit
619 3612 735 3659 suamque
747 3598 772 3644 in
784 3597 891 3659 speciem
904 3598 1029 3659 Astyanax
1043 3595 1164 3645 redierit:
1178 3598 1239 3646 adeo
1253 3611 1300 3644 uon

182 3668 346 3716 necessarium
361 3673 414 3716 erat
428 3669 483 3731 (etsi
497 3668 685 3730 quodammodo,
702 3674 727 3717 ut
742 3682 816 3730 supra
829 3667 921 3716 dietum
935 3671 981 3726 est,
999 3668 1076 3730 utile),
1094 3668 1204 3717 adhiberi
1218 3669 1243 3715 in
1257 3669 1302 3716 hac

184 3753 210 3786 re
229 3738 268 3787 dei
286 3739 389 3801 alicujus
403 3739 558 3787 industriam.
579 3767 609 3775 -
626 3738 663 3787 (ΙΙ.
682 3737 802 3797 avuta,
823 3737 1052 3804 Verqit-Studicn,
1069 3753 1092 3799 p.
1111 3738 1156 3787 158
1175 3753 1228 3802 sqq.
1247 3739 1301 3801 qui,

184 3824 208 3872 p.
221 3808 389 3868 160,'Veneris
399 3811 455 3859 dolo
465 3825 526 3873 opus
541 3825 595 3859 esse
605 3811 699 3872 judicat
714 3814 739 3858 ut
751 3811 822 3873 quasi
837 3811 931 3872 sopitus
946 3809 1049 3858 Didonis
1064 3824 1131 3863 amor
1145 3811 1303 3873 expergefiat.

215 3882 238 3930 2.
257 3882 366 3945 Aequa,
382 3881 421 3940 ΠΙ,
438 3881 484 3929 284
500 3896 506 3930 ι
524 3877 566 3945 ἧκ’
584 3882 625 3933 ἐπὶ
640 3880 747 3953 Μηδείῃ’
768 3881 811 3943 τὴν
829 3877 967 3944 δ’ἀμφασίη
989 3882 1049 3932 raas
1065 3883 1149 3944 θυμὸν.
1164 3909 1195 3918 -
1216 3882 1305 3930 Postea

185 3953 350 4001 tantummodo
364 3953 476 4001 tasonem
490 3953 610 4016 conspicit
624 3952 720 4002 Medea.
732 3980 762 3988 -
773 3952 809 4001 Cf.
829 3952 918 4012 Coum,
934 3953 1007 4002 Paeo.
1023 3951 1175 4011 atenaudr„
1190 3951 1303 4001 152-153.

153 4053 155 4058 ·
215 4022 239 4072 3.
257 4024 363 4087 Arqon„
380 4022 419 4083 ΙΙΙ,
433 4023 480 4074 253
494 4038 559 4087 sqq,
575 4024 621 4073 275
634 4038 687 4087 sqq.
1265 4070 1268 4074 r

216 4095 239 4143 4.
259 4094 346 4156 Coum,
362 4110 402 4158 op.
419 4096 472 4155 cit,
490 4110 514 4158 p.
531 4094 599 4146 309:
618 4115 630 4140 (ι
645 4094 669 4143 ΙΙ
682 4097 745 4159 faut
768 4109 863 4143 aoouer
887 4108 937 4159 que
952 4094 977 4143 te
1001 4093 1105 4144 tabteau
1124 4095 1169 4157 (de
1185 4093 1305 4160 Cupidon

187 4167 264 4215 dtottr'
277 4170 350 4215 entre
365 4166 401 4216 les
408 4165 514 4230 jambes
528 4166 668 4228 derasen)
683 4169 721 4214 est
734 4165 796 4230 ptus
804 4165 860 4231 jotr'
873 4181 923 4231 que
939 4167 1073 4224 touchant,
1085 4170 1111 4215 et
1121 4181 1187 4216 noue
1194 4169 1306 4232 prepare

187 4237 245 4287 bien
257 4253 309 4302 peu
323 4254 380 4287 auec
394 4239 530 4304 traqiquee
550 4239 626 4302 effets
640 4239 686 4302 qui
701 4242 761 4286 cont
782 4239 877 4288 sutore.
895 4257 907 4282 u
923 4239 951 4286 Ρ.
970 4237 1017 4287 310
1032 4253 1038 4285 2
1055 4257 1067 4282 u
1084 4239 1189 4287 Bientdt
1202 4237 1306 4303 Apollo-

187 4311 248 4375 nius
266 4312 327 4372 fera
342 4310 485 4359 intervente
504 4325 555 4358 non
576 4308 639 4374 plur
659 4304 723 4357 Eros
742 4308 814 4367 seut,
836 4311 905 4359 mais
926 4308 954 4359 ta
975 4313 1069 4374 troupe
1090 4309 1242 4359 turbulente
1262 4309 1308 4358 des

188 4371 266 4440 Eros,
284 4383 310 4429 et
324 4382 461 4431 ramenera
475 4382 546 4430 ainsi
560 4384 635 4429 notre
648 4386 753 4443 pensae,
776 4379 884 4429 d'abord
902 4380 1002 4429 sedutte
1019 4395 1070 4444 par
1084 4395 1133 4429 son
1152 4382 1307 4445 pallentique

190 4453 262 4512 eicit,
279 4466 334 4501 vers
349 4451 386 4501 les
401 4452 532 4502 tonaliter
547 4452 579 4500 de
594 4451 621 4500 ta
636 4449 790 4501 litterature
804 4451 950 4516 e'rotique...
970 4470 982 4494 n
