2940 5076
250 349 294 415 Al
700 366 777 412 raas
800 368 904 414 aaron.

251 570 266 604 e
292 544 376 633 piat,
398 565 484 633 quas
503 543 701 632 reliquerat,
724 543 920 633 habeatque
938 541 1079 609 inferias
1092 561 1178 630 quas
1197 539 1368 605 habuerat

252 678 268 710 «
294 672 412 717 causas
440 652 570 716 mortis.
602 650 697 717 Tunc
723 652 816 740 ipsos
840 651 1015 717 ministros
1039 647 1242 735 aggreditur
1267 668 1274 715 :
1302 645 1367 711 sibi

250 783 266 817 a
293 758 433 846 quidem
467 759 513 824 ait
545 761 697 846 optatam
727 758 808 824 olim
842 762 1000 838 mortem,
1032 755 1094 822 sed
1125 755 1194 821 illis
1224 752 1367 820 acerbos

248 891 264 925 a
283 865 462 936 ‚cruciatus
482 871 515 929 et
534 864 610 931 dira
630 866 799 955 supplicia
815 866 1008 944 imminere,
1025 862 1084 953 qui
1095 862 1252 929 Acerbae
1268 881 1364 950 opes,

248 999 264 1033 «
291 993 437 1060 quarum
467 993 526 1060 spe
552 971 774 1061 parricidium
799 995 858 1038 rex
880 973 1024 1053 lecerat,
1047 970 1209 1036 avaritiae
1230 969 1367 1056 tyranni

248 1107 264 1140 α
291 1078 532 1144 subtraxerint.
553 1082 625 1145 Hoc
646 1091 737 1144 metu
762 1079 915 1145 onrrzibus
939 1078 1080 1167 dejecte,
1103 1078 1244 1143 comites
1263 1075 1366 1160 fugae

249 1212 265 1245 <t
292 1185 447 1274 accipli¹.
476 1213 492 1246 n

292 1291 387 1373 Quae
416 1298 539 1359 cuncta
570 1291 722 1359 breviter
754 1293 956 1360 contrahere
987 1316 1057 1359 nou
1083 1293 1197 1358 minus
1226 1290 1365 1357 difficile

244 1397 398 1485 Vergilio
422 1400 554 1478 fuisset,
577 1421 682 1489 quam
700 1401 760 1467 illa
777 1403 855 1492 ipsa
873 1423 962 1492 quac
982 1399 1206 1468 memoranda
1229 1398 1336 1497 elegit
1357 1418 1364 1466 :

416 1595 601 1650 Conveniunt
615 1594 724 1660 quibus
739 1600 792 1647 aut
804 1595 905 1648 odium
919 1595 1038 1647 crudele
1054 1595 1181 1659 tyranni,

415 1680 475 1728 Aut
488 1679 588 1727 metus
602 1687 668 1728 acer
680 1679 754 1737 erat,
766 1680 821 1726 etc.
842 1734 847 1743 ¹

291 1845 360 1912 Cur
386 1845 493 1932 igitur
520 1846 587 1911 ista
613 1845 803 1912 omittenda
831 1851 963 1929 censet,
995 1869 1060 1913 nec
1087 1845 1198 1912 ullum
1224 1847 1259 1912 iu
1292 1846 1365 1933 ejus

244 1953 440 2019 narratione
470 1957 578 2019 exstat
607 1953 791 2040 vestigium
816 1954 931 2036 istiuS,
954 1959 991 2020 ut
1010 1954 1058 2020 ita
1076 1952 1201 2035 dicam,
1229 1975 1366 2020 comoe-

245 2059 335 2141 diae,
366 2081 435 2148 qua
461 2081 523 2125 usa
550 2058 638 2125 Dido
671 2059 932 2146 Pygmalionem
957 2061 1121 2150 primum,
1156 2059 1281 2126 deiude
1309 2082 1366 2127 eos

245 2167 340 2256 ipsos
358 2166 446 2232 fallit
464 2189 551 2256 quos
576 2167 679 2252 fugae
704 2169 846 2233 comites
874 2165 1085 2250 destinabat,
1107 2189 1220 2257 neque
1240 2168 1312 2234 ulla
1330 2167 1368 2233 fit

240 2273 377 2339 ,Elissae
401 2273 659 2339 mendaciorum
679 2280 713 2340 et
734 2273 865 2340 fraudis
891 2275 1046 2340 mentio?
1069 2274 1142 2340 Nisi
1171 2276 1253 2364 quia
1280 2274 1368 2341 nihil

247 2378 389 2446 Didonis
416 2380 573 2447 fallaciae
603 2403 642 2446 ac
669 2381 935 2448 dissimulationi
960 2381 1114 2448 tribuere
1138 2383 1223 2463 vult,
1245 2403 1367 2448 verum

246 2491 354 2553 totam
373 2487 467 2553 illam
488 2510 563 2554 esse
583 2488 752 2554 sinceram
773 2495 806 2553 et
824 2489 1021 2574 ingenuam,
1043 2494 1150 2555 totam
1176 2510 1366 2576 generosae

246 2594 384 2677 indolis,
411 2595 499 2661 nihil
528 2595 659 2662 habere
690 2594 806 2661 callidi
832 2599 865 2661 et
891 2597 1101 2679 veteratorii,
1132 2596 1218 2662 nihil
1253 2624 1270 2658 «
1303 2597 1367 2664 Pu-

247 2703 314 2768 nici
335 2703 351 2764 ‘l
372 2730 389 2763 s

292 2809 398 2897 Atqui
417 2832 486 2875 nou
506 2809 617 2875 solum
638 2832 678 2874 ex
694 2808 760 2874 hoc
780 2831 918 2898 quoque
938 2809 1014 2874 loco
1034 2811 1161 2876 eminet
1185 2811 1244 2876 ille
1269 2810 1368 2877 favor

248 2939 316 3007 quo
331 2915 501 2983 Didonem
513 2914 688 3002 Vergilius
704 2917 886 3005 complecti
900 2916 984 2982 mihi
998 2915 1155 2983 videturi
1171 2957 1214 2966 -
1232 2907 1326 3006 (nam
1342 2919 1370 2984 si

247 3023 332 3112 quid
355 3024 386 3088 ei
414 3022 524 3088 dolosi
548 3028 650 3112 poeta
677 3023 791 3088 inesse
815 3023 991 3106 voluisset,
1013 3028 1108 3090 tanto
1134 3026 1244 3110 magis
1265 3048 1370 3092 excu-

247 3129 392 3212 sandus,
414 3136 509 3196 tanto
537 3131 650 3195 minus
678 3129 818 3196 odiosus
846 3131 939 3196 visus
967 3131 1089 3196 luisset
1115 3153 1192 3197 eam
1218 3119 1369 3199 derelin-

249 3260 359 3328 quens
378 3236 538 3326 Aeneas),
560 3277 605 3286 -
624 3236 685 3303 sed
714 3238 818 3303 etiam
843 3236 923 3303 inde
948 3239 1048 3325 quasi
1075 3238 1216 3327 oblique
1240 3241 1370 3330 petitur

250 3347 318 3412 alia
345 3343 516 3432 quaedam
549 3344 781 3434 praeparandi
814 3343 956 3410 Didonis
989 3346 1025 3409 in
1053 3344 1208 3411 Aeneam
1241 3348 1369 3413 amoris

249 3453 349 3519 ratic.
371 3449 502 3541 Nempe
522 3451 609 3516 illud
627 3451 763 3541 quaerit
783 3450 957 3536 Vergilius
981 3458 1019 3517 ut
1038 3452 1147 3518 multo
1167 3453 1371 3520 muliebrior

251 3561 309 3641 sit,
331 3598 375 3607 —
395 3560 423 3624 si
439 3559 564 3625 dixisse
583 3559 681 3642 licet,
703 3598 746 3607 -
766 3557 854 3624 Dido
882 3581 944 3624 sua
962 3581 1067 3648 quam
1085 3559 1244 3626 fabulosa
1263 3561 1368 3643 Dido,

251 3689 320 3756 quo
340 3667 449 3751 magis
476 3666 673 3732 verisimilis
696 3665 854 3731 videatur
881 3667 1061 3755 magisque
1090 3667 1203 3733 vivide
1230 3667 1373 3758 depingi

251 3775 361 3864 possit
378 3775 501 3859 ingens
528 3773 601 3855 ille,
625 3795 693 3862 quo
716 3773 751 3837 in
771 3773 925 3837 Aeneam
949 3775 1095 3863 rapitur,
1117 3797 1225 3840 amor.
1260 3774 1372 3856 Quae·

253 3903 400 3970 cumque
433 3882 540 3966 igitur
568 3880 662 3969 apud
697 3885 832 3945 veteres
866 3878 1046 3945 historicos
1084 3881 1238 3946 mulieris
1274 3888 1398 3949 erant.

254 4009 373 4054 sexum
392 3988 535 4053 nimium
556 3985 786 4072 egredientia,
820 3985 990 4070 neglegit;
1012 3986 1072 4052 illa
1090 3987 1230 4054 demum
1255 4011 1274 4066 e
1301 3995 1373 4056 tra-

285 4184 308 4235 1.
326 4184 414 4233 Narrat
427 4182 492 4231 idem
508 4187 592 4231 auctor
605 4183 724 4232 Didonem
746 4181 820 4244 Cypri
834 4181 912 4230 obiter
926 4181 1086 4250 quadraginta
1099 4183 1209 4245 virgines
1223 4185 1373 4250 abripuisse,

254 4262 279 4305 et
292 4270 373 4304 secum
388 4255 531 4314 abduxisse,
547 4255 627 4317 Tyriis
650 4256 701 4302 suis
722 4253 858 4301 nubendas.
873 4252 969 4315 (XVlll,
983 4253 1064 4315 11)-
1079 4253 1115 4303 Cl.
1133 4255 1164 4303 de
1179 4258 1291 4306 Astartes
1303 4258 1373 4319 deae,

254 4341 357 4391 quacum
372 4325 434 4375 Dido
449 4342 464 4374 a
478 4325 720 4387 Carthaginiensibus
734 4324 935 4382 contundebatur,
952 4325 1060 4372 Paucum
1076 4329 1100 4374 et
1114 4325 1215 4386 Jonoaa,
1232 4329 1303 4378 Rom.
1319 4330 1374 4394 lly-
1423 4336 1426 4343 '

256 4397 330 4455 etot,
346 4397 376 4459 ll,
391 4396 445 4448 406.

286 4469 309 4523 2.
329 4468 365 4519 Cl.
382 4483 465 4531 supra,
481 4467 558 4531 pli,
574 4483 598 4519 n.
616 4467 638 4517 l.
