2940 5076
580 392 678 439 cirus
701 392 873 439 sucuunuu.
1248 368 1291 434 27

216 568 348 638 Verum
367 591 436 658 quo
451 569 565 635 minor
584 574 637 635 est
655 568 864 659 Euripideae
881 565 1147 635 Andromachae
1169 568 1292 634 caritas

171 679 206 744 in
238 676 434 764 conjugem,
473 699 579 766 quam
615 677 823 760 homericae,
857 681 951 742 tanto
980 675 1092 762 major
1118 675 1153 740 in
1183 674 1294 741 fllium

173 786 316 866 caritas3
339 806 448 872 eaque
463 785 571 850 altera
586 805 690 854 causa
705 788 756 850 est
769 806 858 873 quae
873 783 1031 848 uxorium
1050 783 1125 868 ejus
1140 801 1295 848 amorem

172 892 364 958 imminuat.
392 891 548 980 Namque
574 892 725 981 primum
761 892 911 978 ingenue
945 889 1127 957 confitetur
1157 888 1294 955 Andro-

173 999 307 1082 macha,
323 999 447 1065 minori
458 999 524 1064 sibi
538 998 625 1064 illud
639 1021 713 1065 esse
731 1020 845 1082 curae,
861 997 954 1087 quod
974 1020 1052 1064 cum
1066 996 1295 1086 Neoptolemo

173 1105 289 1187 hoste,
320 1107 466 1189 victore,
502 1107 617 1172 mariti
657 1106 806 1196 denique
849 1107 901 1172 sui
942 1106 1161 1171 interfectore
1194 1103 1297 1190 jungi

174 1212 311 1295 debeat,
325 1235 430 1302 quam
447 1213 540 1302 quod
553 1213 644 1279 filius
664 1213 873 1280 amittendus
889 1213 932 1280 sit
942 1216 964 1280 ¹.
979 1212 1161 1302 Disparem
1177 1196 1297 1277 contra

176 1342 251 1387 esse
279 1319 510 1388 calamitatem
534 1326 716 1411 utramque
738 1320 888 1407 judicat,
920 1321 1021 1409 eique
1049 1318 1187 1384 videtur
1210 1317 1297 1385 haec

174 1427 271 1494 illam
290 1428 400 1494 multo
421 1449 597 1517 superare.

220 1533 330 1601 Immo
344 1534 380 1600 in
391 1533 577 1601 Troadibus
587 1557 725 1624 quoque
736 1534 926 1601 notandum
941 1538 1004 1616 est,
1017 1532 1297 1599 Andromacham

132 1646 134 1651 ’
175 1641 263 1709 adeo
281 1641 343 1708 filii
363 1642 416 1707 sui
436 1664 559 1708 amore.
573 1642 709 1726 ardere,
730 1649 768 1709 ut
787 1664 896 1732 paene
917 1663 992 1707 eam
1011 1642 1185 1731 paeniteat
1205 1640 1299 1730 quod

176 1773 195 1816 e
213 1751 276 1816 tali
294 1755 392 1840 patre
413 1750 456 1815 sit
480 1749 610 1816 ortus².
631 1749 767 1816 Etenim
791 1750 856 1815 nisi
883 1749 970 1815 adeo
992 1754 1151 1815 strenuus
1179 1749 1299 1813 fuisset

176 1855 316 1940 Hector,
339 1860 521 1945 tantasque
542 1855 706 1925 edidisset
724 1855 943 1924 Achaeorum
954 1860 1103 1942 strageS,
1117 1854 1298 1922 incolumis

175 1963 350 2052 Astyanax
370 1984 448 2029 cum
468 1986 588 2030 secura
607 1971 715 2030 matre
736 1963 966 2030 abduceretur
986 1964 1022 2028 iu
1046 1963 1296 2052 captivitatem3

175 2094 267 2137 nunc
277 2094 359 2137 vero
380 2071 551 2137 Hectorea
564 2071 694 2138 invidia
703 2071 827 2158 flagrat
841 2076 1074 2160 paternaeque
1091 2068 1226 2136 virtutis
1241 2069 1301 2136 dat

175 2200 306 2268 poenas
328 2201 335 2247 :
359 2178 452 2267 quod
471 2178 612 2267 quidem
639 2181 753 2244 animo
776 2178 1021 2244 Andromacha
1049 2177 1230 2244 revolvens
1258 2199 1299 2245 eo

176 2284 359 2352 adducitur
378 2292 416 2351 ut
434 2308 545 2376 paene
566 2287 755 2354 exclamet:
780 2284 950 2354 «Utinam
969 2285 1110 2351 Hectori
1123 2307 1300 2374 nunquam

175 2393 432 2483 nupsissem!...
455 2421 471 2454 »
1141 2387 1144 2392 '

222 2498 297 2579 Quo
317 2500 466 2590 denique
495 2500 639 2566 artificio
658 2501 694 2567 in
715 2498 956 2567 Andromacha
978 2501 1097 2567 fabula
1116 2500 1299 2590 Euripides

178 2607 436 2694 significaverit,
456 2615 650 2675 maternum
672 2629 826 2674 amorem
848 2608 927 2675 huic
952 2609 1098 2675 feminae
1124 2607 1299 2674 altissimis

176 2716 276 2804 quasi
305 2714 480 2782 radicibus
504 2716 647 2783 insitum
679 2739 771 2798 esse,
804 2717 885 2786 satis
913 2722 1034 2783 notum
1068 2722 1128 2782 est.
1163 2714 1299 2806 Quippe

177 2845 283 2911 quam
307 2845 385 2889 cum
414 2823 524 2889 filium
553 2847 593 2890 ex
621 2824 756 2912 Pyrrho
784 2825 963 2892 sustulisse
992 2824 1182 2891 secundum
1210 2825 1300 2890 anti·

179 2930 317 3019 quiores
336 2931 471 2998 fabulas
492 2930 708 3014 confinxerit,
730 2924 818 2997 adeo
833 2933 933 2998 unice
953 2932 997 2997 ab
1017 2955 1059 2998 ea
1083 2932 1182 2997 illum
1202 2930 1301 3019 diligi

177 3036 260 3103 facit
284 3044 321 3104 ut
338 3039 556 3127 Astyanactis
578 3061 757 3128 nunquam
776 3040 1030 3122 reminiscatur,
1053 3061 1096 3105 ne
1117 3045 1198 3105 tunc
1222 3039 1299 3127 qui-

178 3144 271 3228 dem,
303 3145 668 3215 -animadversione
696 3169 837 3236 prorsus
868 3146 1121 3233 dignissimum,
1151 3168 1299 3212 —cum

178 3259 212 3318 et
231 3251 418 3320 Molossum
438 3274 558 3319 rursus
590 3254 627 3319 in
657 3254 762 3320 simili
789 3254 945 3344 periculo
974 3254 1106 3320 versari
1126 3253 1221 3319 videt
1240 3253 1300 3318 ubi

179 3359 261 3424 olim
279 3359 454 3446 Astyanax
473 3360 655 3449 perierit³;
677 3400 720 3410 -
748 3383 861 3450 neque
888 3368 1003 3427 tamen
1021 3361 1057 3426 in
1073 3359 1140 3425 hoc
1159 3359 1300 3429 Molossi

177 3467 333 3554 periculo
353 3465 499 3550 dubitet,
522 3466 665 3533 absente
684 3468 924 3559 Neoptolemo,
949 3468 1133 3535 Hectorem
1159 3466 1300 3533 defunc·

177 3578 252 3638 tum
271 3573 306 3639 in
327 3573 491 3655 auxilium
512 3575 644 3641 alienae
665 3575 795 3641 subolis
811 3575 981 3642 advocare
995 3577 1017 3643 ’ἢ

224 3678 303 3748 Sive
321 3681 429 3767 igitur
440 3681 624 3770 Euripides
639 3683 822 3771 repetitam
841 3682 886 3747 ab
904 3682 1081 3749 homerica
1094 3683 1203 3750 Ils'ude
1221 3706 1299 3773 per·

208 3874 231 3924 1.
250 3876 353 3935 Troad,
369 3876 416 3925 715
439 3892 445 3925 :
465 3880 532 3942 οἴμοι
547 3879 634 3942 γάμων
650 3880 705 3930 τόδ’
722 3877 754 3936 ὡς
773 3874 843 3929 κλύω
858 3886 939 3943 μεῖζον
958 3881 1047 3929 κακόν.
1071 3877 1142 3926 -Si
1158 3882 1299 3940 superesset

178 3946 257 4008 tilius,
275 3948 306 3996 de
320 3962 384 3997 novo
399 3963 443 3997 suo
458 3951 572 4012 conjugio
585 3955 740 3999 tantumnon
752 3951 892 3999 laetaretur.
910 3951 946 3999 Cf.
962 3949 1016 3999 773.

207 4016 230 4066 2.
251 4017 356 4076 troad,
371 4018 417 4068 737
433 4034 486 4083 sqq.
503 4046 533 4056 -
549 4019 604 4069 740.
619 4021 653 4068 Ὦ
662 4023 753 4085 λέκτρα
765 4021 832 4084 τάμὰ
847 4025 957 4086 δυστυχῆ
974 4040 1000 4072 τε
1010 4023 1054 4071 καὶ
1069 4019 1145 4084 γάμοι

196 4086 256 4145 οΟἷς
269 4085 342 4143 ἦλθον
358 4094 381 4148 ἐς
397 4092 516 4157 μέλαθρον
534 4091 656 4155 Ἕκτορός
676 4111 780 4143 ποτε-
795 4092 831 4140 Cf.
848 4091 893 4142 747
909 4107 962 4156 sqq.
979 4091 1095 4150 -Quod
1116 4093 1140 4139 iu
1160 4091 1235 4140 iliade
1249 4091 1299 4152 jam

177 4159 309 4209 iudicatum
324 4162 417 4210 tamor:
434 4161 511 4219 XXII,
528 4162 646 4223 485-486,
664 4163 751 4223 XXIV,
772 4163 887 4226 ias-iia,
904 4165 947 4212 sed
965 4164 1037 4226 louge
1054 4164 1124 4211 abest
1138 4167 1164 4210 ut
1178 4162 1299 4210 homerica

175 4231 348 4280 Andromacha
371 4248 426 4281 cum
440 4233 544 4281 Hectore
561 4249 609 4282 non
631 4236 746 4297 nupsisse
764 4236 855 4297 cupiat,
879 4237 1036 4298 funestaeque
1052 4234 1098 4282 sibi
1114 4234 1223 4296 prolique
1241 4247 1299 4281 suae

176 4303 274 4421 qpptials
289 4303 422 4354 desideret.
438 4305 532 4352 Nimius
545 4306 569 4352 iu
585 4305 630 4354 hoc
644 4306 703 4354 mihi
715 4306 811 4354 videtur
822 4303 1135 4369 Couaoivciux,Escdyle,
1148 4304 1298 4368 Xenophon,

201 4373 253 4436 ispi
265 4388 287 4431 e,
301 4389 323 4436 p.
339 4375 394 4426 340.
936 4372 938 4376 ’

206 4443 231 4493 3.
249 4445 390 4506 Androm,
407 4447 452 4495 455
464 4462 527 4511 sqq,
544 4447 590 4496 510
605 4463 659 4511 sqq.

208 4515 231 4566 4.
250 4517 387 4578 Androm,
403 4518 456 4567 523.
539 4523 541 4527 '
