2940 5076
416 894 571 988 PARS
621 894 976 989 POSTERIOR

210 1157 249 1214 lte
264 1157 453 1213 muliebrium
465 1157 603 1214 Aeneidis
616 1170 818 1226 personarum,
834 1156 988 1226 inquibus
1003 1154 1179 1226 attingendis

361 1247 513 1307 minimum
527 1248 647 1317 adjutus
660 1246 719 1304 tuit
732 1246 893 1317 Vergilius,
909 1245 1008 1302 indole
1020 1262 1026 1310 ;

317 1352 375 1408 qua
392 1342 492 1395 tamen
511 1337 681 1394 inveniendi
701 1338 786 1407 copia
805 1336 954 1406 descripta
971 1334 1074 1416 tuerit.

613 1551 771 1562 —n—-

515 1783 659 1851 CAPUT
690 1783 868 1853 PRIMUM

134 1978 333 2060 Quaurunuu
352 2003 392 2048 rx
409 2001 552 2060 austeus
570 2003 719 2049 ronrmus
739 2005 904 2050 rnacrruun
923 1982 1088 2050 Vnaemrus
1102 2004 1255 2050 rorunmr

183 2109 213 2154 m
232 2109 377 2155 ressonis
397 2109 473 2154 rsrrs
491 2110 687 2155 nrrruonunrs
707 2112 746 2156 ua
765 2111 874 2167 omaus
894 2111 973 2157 nuuc
990 2111 1137 2156 acaunum
1156 2112 1210 2156 usu

612 2319 770 2328 --——.-

179 2555 277 2621 Nunc
295 2559 410 2620 eutem
430 2556 474 2623 ad
494 2576 552 2621 eas
569 2575 734 2645 personas
754 2553 958 2622 accedamus
976 2556 1012 2621 in
1028 2554 1257 2644 quibusdeli-

133 2661 278 2730 neandis
298 2662 406 2728 multo
425 2663 539 2728 minus
558 2662 703 2728 feliciter
723 2683 796 2726 rem
822 2664 971 2748 gessisse
991 2661 1181 2748 Vergilium
1203 2662 1257 2729 di-

135 2770 234 2850 citur,
261 2768 390 2835 scilicet
414 2769 456 2836 ad
482 2769 671 2849 Laviniam,
695 2766 871 2851 Creusam,
893 2769 1042 2852 Annam,
1065 2767 1256 2852 Camillam,

135 2877 304 2943 Amatam.
328 2874 479 2942 Tametsi
507 2881 623 2943 autem
648 2875 794 2941 subsidii
817 2899 958 2966 parum,
987 2881 1025 2942 ut
1048 2875 1151 2942 hasce
1178 2899 1258 2966 per·

56 3007 60 3016 ·
137 3005 236 3049 sonas
256 2982 484 3071 contingeret,
507 2985 539 3049 ei
567 2983 684 3064 luisse,
712 2983 824 3049 obiter
850 3006 889 3050 ac
914 2984 1111 3050 summatim
1140 3005 1260 3050 concc-

136 3091 238 3158 datur
256 3113 276 3157 a
293 3091 469 3180 plerisque
490 3091 649 3174 criticis¹,
670 3130 714 3140 —
734 3090 779 3157 ob
798 3090 835 3156 id
852 3092 968 3181 ipsum
988 3090 1170 3178 languidas
1189 3091 1261 3158 ina-

136 3220 267 3288 nosque
290 3197 367 3266 illas
397 3220 472 3265 esse
507 3198 808 3282 contendentibus,
848 3237 892 3247 -
921 3203 1037 3265 tamen
1075 3220 1156 3264 ere
1185 3220 1261 3267 esse

43 3365 48 3374 .
137 3306 286 3372 arbitror
311 3306 351 3388 si,
378 3306 583 3396 priusquam
613 3304 792 3372 fastidiosa
822 3327 940 3372 eorum
967 3305 1083 3394 opinio
1110 3327 1261 3395 perpen-

138 3413 251 3495 datur,
274 3414 491 3500 rccognitum
510 3413 613 3479 fuerit
628 3415 712 3502 quot
731 3417 765 3478 et
784 3413 899 3502 qualia
919 3412 1046 3502 quibus
1067 3436 1085 3478 e
1107 3412 1260 3478 lontibus

137 3520 316 3610 percipere
347 3520 498 3610 potuerit
521 3519 709 3606 Vergilius.
744 3519 799 3586 Ab
836 3519 933 3585 initio
971 3518 1070 3585 nobis
1104 3525 1259 3587 constare

139 3628 228 3707 volo,
249 3631 320 3694 tam
340 3628 472 3716 liquido
488 3649 592 3717 quam
607 3627 682 3692 fieri
702 3632 816 3716 potest
835 3632 1081 3716 computatam,
1103 3649 1219 3693 rerum
1239 3650 1260 3694 a

137 3734 244 3800 latino
259 3740 362 3824 poeta
381 3735 456 3800 aliis
477 3734 684 3817 debitarum,
707 3733 763 3800 vel
782 3734 890 3824 ipsius
908 3734 1141 3824 propriarum,
1158 3734 1261 3800 ratio·
1294 3813 1296 3816 ¹

139 3862 228 3906 nem.
252 3840 394 3930 Oportet
413 3841 516 3923 enim,
539 3841 568 3906 si
588 3841 864 3931 vituperatorum
883 3840 1047 3908 Aeneidis
1070 3842 1261 3908 sentcntiae

139 3947 458 4030 contradixerimuS,
479 3949 521 4014 iis
540 3970 608 4015 non
624 3949 774 4038 relinqui
789 3949 889 4015 istius
909 3948 1126 4035 conjecturae
1144 3949 1261 4037 perlu-

138 4054 416 4140 gium,videlicet
431 4054 524 4144 quod
537 4054 710 4141 Vergilius
726 4055 892 4121 nonnulla
913 4055 954 4120 de
974 4055 1127 4121 fontibus
1146 4055 1258 4123 minus

140 4162 387 4251 apparentibus
406 4161 548 4229 fortasse
569 4162 762 4228 extraxerit.

173 4466 195 4518 1.
213 4466 276 4518 Vide
290 4481 365 4532 supra
379 4468 505 4526 Prooem„
516 4481 541 4531 p.
557 4465 609 4527 5-7,
627 4480 681 4516 cum
695 4467 769 4517 notis.
