2940 5076
598 367 694 419 caeur
720 368 869 419 rennuit.
1227 349 1291 419 1⁴23

173 545 288 612 decuit
302 544 480 613 Camillam
501 548 598 635 qnasi
608 548 765 634 fugacem
780 548 912 612 stellam
926 546 1184 636 perAeneidcm
1200 554 1292 613 tran-

174 654 257 736 sire,
280 675 392 743 neque
412 675 474 720 nos
496 655 626 720 moneri
644 653 732 719 unde
754 655 831 720 talis
855 655 963 719 exiret
984 655 1094 743 (pualis
1117 655 1216 720 nobis
1236 678 1291 720 os-

172 759 346 826 tenditur?
367 760 455 825 Num
479 761 543 827 luit
576 768 824 850 opportunum.
845 759 1022 826 Camillam
1041 760 1139 826 adid
1158 767 1292 827 tantum

171 867 204 932 in
227 889 351 958 poema
369 866 618 949 indnci,immo
638 868 778 957 projici,
801 875 838 933 ut
856 869 947 934 viros
968 868 1179 934 trucidaret?
1197 868 1292 934 Unde

171 973 277 1040 fiebat
296 980 333 1040 ut
356 973 442 1039 adeo
466 981 602 1040 assueta
623 974 755 1039 bellicis
783 974 946 1064 operibns
966 974 1121 1064 adeoque
1151 976 1292 1041 militiae

171 1103 290 1147 amans
317 1082 428 1148 esset?
455 1081 549 1146 Nihil
570 1083 613 1147 sit
636 1083 811 1148 insolitum
832 1083 903 1147 sine
932 1104 1058 1150 causa:
1084 1082 1138 1147 lex
1159 1089 1210 1149 est
1227 1083 1291 1149 ista

170 1197 420 1286 cujuscumque
442 1199 536 1263 artis.
564 1198 683 1263 Trucis
703 1197 796 1263 illius
820 1198 956 1287 puellae
983 1199 1164 1264 violentiae
1188 1199 1295 1291 inusi-

171 1310 331 1394 tataeque
357 1305 392 1370 in
423 1305 552 1371 femina
578 1305 712 1370 virtutis
744 1307 912 1371 rationem
944 1304 1089 1373 reddere
1122 1307 1290 1396 oportuit,

173 1420 209 1479 ut
236 1435 305 1478 non
333 1412 571 1478 tantummodo
595 1411 760 1477 bellicum
789 1434 894 1498 agens
919 1419 953 1478 et
977 1413 1123 1502 loquens
1151 1413 1294 1478 induce-

171 1525 277 1603 retur,
301 1519 360 1585 sed
382 1526 415 1585 ct
434 1519 588 1605 legentes
608 1520 771 1585 certiores
791 1519 913 1586 fierent
932 1542 992 1586 car
1012 1520 1060 1586 sic
1078 1521 1292 1609 loqueretur,

173 1627 222 1696 sic
238 1633 373 1713 ageret;
395 1649 507 1715 neque
528 1627 639 1694 solum
663 1627 930 1693 instrumentum
957 1611 1131 1717 quoddam
1160 1629 1295 1717 epicum

174 1740 207 1800 et
229 1735 366 1824 poetica
385 1734 541 1800 machina
563 1732 708 1800 Camilla
728 1735 827 1814 foret,
850 1735 912 1800 sed
941 1740 975 1800 et
995 1757 1096 1800 verae
1116 1737 1295 1824 propriam

174 1863 342 1932 personae
363 1843 468 1907 vitam
487 1840 654 1908 indueret.
715 1832 719 1840 ¹

222 2084 298 2151 Huc
324 2089 440 2150 autem
472 2084 557 2149 mire
590 2084 739 2172 pertinet
770 2091 840 2149 tam
863 2083 990 2149 sedulo
1028 2089 1297 2149 commemorata

128 2268 132 2274 ¹
178 2190 341 2259 Camillae
371 2191 549 2280 pueritia¹.
580 2189 711 2280 Nempe
746 2191 867 2257 orbata
899 2197 1024 2273 matre,
1066 2213 1144 2256 cum
1181 2189 1295 2257 adhuc

176 2299 288 2364 infans
319 2303 425 2380 esset,
463 2297 554 2362 solas
583 2297 785 2380 blanditias,
815 2305 849 2364 et
878 2320 1019 2387 asperas
1047 2297 1135 2377 illas,
1165 2297 1295 2366 Metabi

176 2406 284 2495 patris
305 2410 446 2494 experta
466 2410 533 2483 est,
555 2426 677 2492 parum
698 2405 732 2469 in
751 2403 908 2470 fovendis
934 2405 1070 2487 liberis,
1093 2411 1130 2470 ut
1145 2403 1292 2486 videtur,

176 2512 325 2579 delicati.
358 2512 493 2578 Exsulis
523 2511 706 2601 praedonis
740 2534 876 2592 comen,
908 2534 1043 2600 unaque
1071 2533 1147 2577 cnm
1170 2511 1230 2577 illo
1259 2512 1294 2577 in

176 2621 270 2686 silvis
291 2619 422 2701 abdita,
444 2619 608 2708 periculis
629 2641 697 2684 una
717 2619 860 2685 obsessa
885 2626 936 2685 est
962 2619 1183 2708 inopiamque
1203 2619 1290 2684 tulit.

174 2726 329 2792 Fuerunt
357 2727 387 2791 ei
413 2731 526 2792 sentes
551 2725 777 2807 incunabula,
804 2728 954 2792 nutrices
980 2748 1116 2815 caprae.
1143 2724 1294 2792 Pedibus

175 2833 235 2899 ubi
254 2835 404 2922 primum
426 2831 561 2918 ingredi
582 2833 699 2914 valuit,
718 2856 739 2898 a
752 2833 888 2900 Metabo
904 2855 1020 2898 arcum
1036 2839 1069 2899 et
1082 2831 1225 2898 fundam
1241 2855 1295 2898 ac-

173 2943 264 3031 cepit
285 2940 490 3031 crepundia,
512 2941 560 3005 ita
584 2948 622 3005 ut
642 2962 741 3007 sexus
762 2941 813 3005 sni
834 2941 888 3006 vel
908 2941 1059 3030 pueriles
1080 2938 1220 3005 delicias
1241 2939 1305 3016 vel

170 3048 343 3134 juveniles
363 3048 500 3114 labores
522 3045 666 3112 Camilla
685 3048 836 3137 primum
846 3048 1068 3133 ignoraverit,
1085 3046 1209 3112 deinde
1224 3068 1295 3112 res-

175 3156 305 3246 puerit,
334 3176 397 3221 nec
417 3155 602 3245 quicquam
622 3156 793 3243 optaverit
816 3154 966 3244 amplius
986 3176 1090 3244 quam
1110 3154 1294 3244 impigram

175 3262 270 3328 illam
308 3267 342 3328 et
369 3263 559 3350 inquietem
589 3268 748 3327 actuosae
778 3264 866 3327 vitac
894 3262 1101 3328 libertatem.
1129 3260 1293 3327 Indurato

173 3391 311 3459 quoque
341 3370 473 3452 animo,
503 3368 704 3455 eonjugium
735 3369 922 3455 dedignata
955 3375 1024 3448 est,
1057 3392 1120 3434 nec
1156 3396 1171 3429 α
1210 3367 1293 3458 quid

175 3479 219 3544 sit
237 3478 345 3543 Amor
366 3504 381 3537 n
404 3477 575 3561 cognovit.

220 3583 373 3650 Viriliter
393 3604 475 3668 ergo
496 3583 672 3664 educatae,
696 3583 840 3649 viriliter
858 3584 892 3648 in
913 3582 1004 3649 bello
1024 3584 1139 3668 agenti
1164 3584 1293 3649 invidia

175 3689 286 3775 abest,
307 3714 420 3779 neque
452 3696 578 3779 stupet¹
593 3691 712 3772 lector,
739 3713 852 3779 neque
873 3690 1072 3771 offenditur,
1099 3692 1127 3756 si
1155 3692 1310 3770 militari-

178 3797 329 3887 quadam
353 3797 536 3886 disciplina
568 3797 683 3886 puella
718 3798 850 3862 exculta
881 3819 1018 3863 saevam
1046 3819 1085 3863 ac
1116 3805 1294 3864 cruentam

174 3927 209 3973 se
230 3905 396 3995 praebeat
415 3905 595 3989 virginem.
1097 3891 1099 3896 ⁸

219 4010 320 4092 Quod
338 4013 445 4097 igitur
469 4010 511 4076 de
537 4009 701 4077 hocloco
729 4011 938 4077 censendum
970 4012 1177 4095 existimem,
1208 4011 1295 4078 illud

175 4125 237 4186 est.
263 4118 409 4200 Quando
429 4119 579 4208 primum
601 4118 791 4183 Aeneidem
812 4118 1000 4200 scribebat,
1030 4118 1182 4205 Vergilio
1212 4122 1294 4189 satis

212 4429 233 4480 1.
251 4431 315 4480 den.
332 4429 375 4490 Xl,
389 4427 436 4478 539
450 4443 512 4492 sqq.,
527 4427 582 4490 567,
597 4425 708 4480 ata-584.
