2940 5076
577 369 674 418 11111
701 368 875 417 11111111.
1248 344 1291 412 23

213 546 376 628 Quemvis
397 546 488 612 enim
514 568 535 612 a
557 550 653 612 tanto
677 546 819 612 vulnere
846 548 1020 610 recentem
1048 543 1180 630 ingenti
1208 563 1320 631 qua-1

169 656 250 723 dam
269 655 510 744 desperatione
529 654 688 742 vitaeque
708 653 823 719 taedio
843 651 934 718 affici
952 650 1039 718 adeo
1058 655 1201 716 naturae
1215 670 1295 714 eon·

170 785 295 851 gruum
315 762 415 829 nobis
435 761 572 828 videtur
591 765 628 827 ut
647 760 747 826 aliter
766 760 840 826 fieri
852 781 954 850 posse
977 781 1046 824 non
1074 758 1188 824 animo
1213 779 1295 823 con-

170 872 351 961 cipiamus.
368 868 458 935 Illud
477 857 645 935 biblicum
669 889 676 935 ε
701 896 716 929 «
738 868 850 934 noluit·
866 866 1035 933 consolari
1058 894 1074 927 s
1099 867 1147 931 ita
1174 886 1297 930 conve-

170 981 243 1044 nire
262 976 461 1043 hominibus
481 977 588 1041 nimia
602 975 718 1064 aliqua
737 975 930 1040 calamitate
947 974 1081 1040 afflictis
1100 973 1295 1063 opinamur,

172 1092 210 1152 ut
227 1084 327 1151 facile
348 1083 401 1149 vel
420 1084 462 1149 iis
481 1085 701 1170 ignoscemus
722 1083 781 1172 qui
802 1109 817 1143 «
836 1081 1014 1148 dimidiam
1029 1082 1163 1146 animae
1178 1106 1193 1143 1
1216 1100 1298 1145 suae

162 1188 307 1283 'partem
336 1189 401 1256 sibi
426 1190 607 1281 abreptam
629 1194 810 1280 putantes,
839 1217 854 1251 a
876 1190 990 1255 lucem
1012 1188 1128 1279 perosi
1154 1215 1170 1249 »
1201 1191 1296 1268 sunt,

174 1300 273 1390 quasi
291 1297 426 1365 amissis
442 1297 516 1384 jam
536 1297 696 1364 omnihus
715 1297 844 1363 diutius
863 1296 1003 1363 vivendi
1018 1297 1142 1362 causis.

218 1407 295 1472 Non
315 1407 409 1496 quod
428 1405 629 1496 Euripidem
656 1405 909 1495 reprehendam
933 1405 993 1495 qui
1020 1402 1300 1471 Andromacham

176 1515 243 1581 sibi
261 1519 407 1581 mortem
424 1515 693 1580 consciscentem
713 1516 747 1579 in
775 1512 961 1581 Troadibus
989 1535 1058 1579 non
1086 1511 1298 1591 induxerit¹3

177 1623 259 1689 satis
275 1644 448 1712 superque
464 1623 687 1711 perspicuum
711 1627 761 1687 est
786 1621 947 1688 traditam
975 1642 1054 1687 eum
1081 1619 1148 1687 sibi
1174 1619 1302 1685 famam

176 1730 347 1819 projicere
366 1751 435 1795 non
461 1728 633 1794 debuisse.
664 1727 755 1795 lllud
784 1728 924 1796 demum
952 1730 1059 1794 miror
1083 1726 1176 1816 quod
1202 1726 1234 1791 ei
1259 1746 1302 1790 ne

178 1837 420 1922 cogitationem
438 1835 579 1925 quidem
598 1836 811 1902 voluntariae
832 1837 950 1902 mortis
969 1835 1143 1902 indiderit.
1168 1833 1304 1900 Etenim

178 1964 248 2009 non
267 1963 349 2009 sane
369 1941 413 2008 ad
433 1947 585 2008 extrema
603 1943 789 2030 confugere
809 1943 1052 2011 Andromacha
1071 1941 1198 2032 potuit,
1220 1939 1305 2006 dum

180 2054 360 2138 supererat
396 2048 504 2130 filius,
537 2051 635 2136 cujus
672 2051 745 2116 sola
776 2051 884 2117 tutela
913 2049 1192 2140 relinquebatur;
1232 2069 1305 2112 exs-

179 2158 285 2223 tincto
305 2179 386 2224 vero
413 2157 638 2244 Astyanacte,
665 2158 763 2244 cujus
792 2158 1030 2225 tantummodo
1067 2179 1171 2226 eausa
1199 2155 1305 2221 vitam

180 2265 474 2354 amplectebatur,
505 2264 542 2330 id
564 2264 651 2331 adeo
678 2265 785 2332 miror
813 2266 906 2356 quod
929 2271 1077 2332 mortem
1104 2286 1172 2331 non
1191 2263 1307 2353 aliqua

180 2372 238 2438 via
274 2377 419 2461 quaerat
457 2378 516 2438 aut
554 2373 676 2438 saltem
712 2373 947 2441 vehementius
981 2377 1137 2462 exoptet.
1153 2426 1181 2439 ..
1228 2368 1306 2438 Scio

183 2478 344 2568 equidem
371 2479 565 2568 Polyxenae
592 2501 668 2546 eam
691 2480 880 2562 invidere²,
907 2480 1064 2569 reliquis,
1091 2501 1179 2569 quae
1200 2479 1307 2544 Troa-

183 2586 245 2652 das
265 2592 437 2668 maneant,
460 2586 712 2653 calamitatibus
732 2593 924 2676 opportune
945 2592 1099 2677 ereptae3
1123 2587 1184 2652 sed
1204 2608 1308 2677 quam

183 2693 312 2780 frigida
331 2694 569 2760 dissertatione
593 2694 792 2760 felicitatem
811 2697 931 2761 mortis
958 2694 1051 2761 illius
1071 2694 1209 2760 laudati
1232 2692 1308 2759 Non

183 2800 243 2866 ille
275 2807 327 2869 est
357 2800 516 2883 Didonis,
549 2802 583 2866 in
614 2802 744 2867 minore
774 2808 890 2877 tamen
927 2825 1108 2886 aerumna,
1138 2803 1305 2894 impetus,

185 2930 254 2974 non
272 2909 334 2974 illa
357 2907 507 2974 violenta
530 2909 603 2995 jam
629 2910 759 2975 invisae
784 2910 871 2976 lueis
897 2910 998 2997 iuga,
1031 2933 1099 2976 non
1126 2910 1186 2976 illa
1210 2910 1311 2999 quasi

187 3015 289 3082 avida
318 3017 436 3081 mortis
470 3016 660 3104 cupiditas!
693 3017 813 3106 Neque
849 3017 993 3106 objicias
1024 3041 1092 3085 non
1126 3022 1310 3107 conceptos

186 3123 292 3190 fuisse
327 3145 347 3189 a
375 3124 508 3209 graecis
545 3124 609 3190 hos
648 3146 768 3191 sensus
802 3127 931 3214 poetis;
967 3148 1064 3210 nam,
1097 3148 1141 3192 ne
1172 3124 1310 3191 aliunde

188 3231 345 3321 exempla
364 3252 549 3314 arcessam,
571 3232 607 3296 in
627 3231 784 3318 ejusdem
804 3232 979 3321 Euripidis
999 3231 1218 3324 Suppliciter
1237 3254 1312 3297 mu·

191 3336 344 3421 lieribus,
372 3338 530 3422 Euadne,
560 3337 711 3428 Capanei
737 3363 837 3420 uxor,
866 3340 1018 3406 defuncti
1045 3341 1159 3407 mariti
1185 3361 1311 3426 rogum

191 3445 265 3510 vult
288 3445 519 3511 conscendere
543 3467 621 3512 cum
647 3447 720 3516 istis
745 3447 889 3514 verbis:
919 3475 935 3508 «
959 3447 1070 3514 Suave
1096 3470 1174 3514 cum
1198 3452 1310 3514 amato

193 3553 312 3619 mortis
333 3554 542 3618 consortium
561 3553 647 3621 est³.
673 3581 689 3615 »

237 3659 348 3726 Immo
362 3660 501 3749 quando
516 3662 552 3726 in
566 3660 816 3727 eademfabula
832 3663 957 3729 certior
965 3660 1209 3729 Abdromacha
1222 3660 1314 3728 faeta

194 3770 247 3832 est
266 3765 467 3832 damnatum
487 3789 508 3832 1
528 3767 667 3834 Graecis
687 3767 930 3855 Astyanactem
948 3769 1094 3856 jamjam
1115 3769 1150 3833 in
1171 3789 1212 3834 eo
1237 3790 1312 3833 esse

193 3878 231 3938 ut
250 3877 380 3962 pereat,
403 3875 555 3963 primum
582 3874 723 3964 quidem
742 3876 844 3962 justis
876 3884 908 3943 et
938 3877 1140 3966 exspectatis
1165 3874 1315 3965 querelis

194 3980 363 4067 indulget,
382 3980 443 4047 sed
459 3983 562 4070 paulo
578 3982 832 4071 postsuadente
848 3984 1031 4071 Talthybio
1046 4007 1088 4050 ne
1106 3983 1316 4051 Graecorum

227 4229 252 4282 1.
267 4229 435 4293 Intrequenter
454 4231 502 4279 sibi
521 4236 622 4281 mortem
644 4231 794 4281 conscivisse
814 4232 926 4296 antiquos
945 4232 1009 4282 bene
1028 4233 1144 4282 observet
1162 4231 1319 4283 Sama-Mino

197 4301 323 4361 Gramma,
342 4301 423 4351 Caura
435 4300 467 4350 de
482 4300 562 4351 litter.
573 4303 676 4363 deam,
692 4302 711 4362 l,
729 4317 755 4366 p.
769 4301 857 4351 79-81.

229 4373 253 4420 2.
271 4373 375 4431 Troad..
389 4373 437 4422 626
451 4389 503 4437 sqq.
517 4373 572 4423 678.

230 4445 254 4493 3.
271 4445 374 4509 suppl„
388 4461 412 4494 v.
426 4445 557 4496 990-1030.
