2940 5076
249 352 294 420 81
643 373 647 380 ·
709 371 786 419 raus
809 369 913 416 Paron.

248 545 422 615 Bacchum
441 546 557 636 potius
570 545 814 612 adventantem
828 542 982 610 Ariadna
996 542 1160 610 subaudit
1170 542 1193 624 ¹,
1215 540 1370 608 consola-

249 661 431 745 turamque
464 652 653 721 «melioris
682 651 817 719 mariti'
849 679 865 713 »
896 672 1061 741 pompam
1084 673 1154 718 non
1181 650 1230 716 ita
1248 647 1370 738 procul

250 761 409 851 adspicit.
430 761 549 851 Neque
570 759 656 827 adeo
676 787 692 821 «
714 763 890 826 externata
905 758 1017 825 malo³
1031 787 1048 821 u
1069 762 1132 840 est,
1147 757 1218 825 sive
1239 762 1277 824 ut
1296 778 1371 823 mu-

248 868 351 936 lieres
370 868 549 936 universas
569 889 657 958 quae
678 867 798 933 sintin
819 867 904 932 orbe
923 871 1111 947 terrarum,
1138 865 1243 951 longa
1267 863 1370 930 nimis

249 977 421 1059 oratione,
450 974 636 1042 admonere
667 973 891 1064 supersedeat
905 980 928 1054 ⁴,
960 996 1003 1040 ne
1029 971 1102 1060 jam
1142 971 1257 1040 infidis
1287 971 1370 1037 viris

249 1083 438 1166 confidant;
459 1083 531 1150 sivo
545 1086 583 1150 ut
602 1083 637 1149 in
655 1080 893 1168 circumjectos
912 1081 1035 1147 fluctus
1055 1101 1274 1171 procurrens,
1298 1077 1371 1146 hel·

248 1191 320 1258 lula
338 1213 429 1258 nunc
449 1192 552 1257 etiam
572 1189 786 1269 muliercula,
808 1211 876 1256 non
896 1187 1030 1255 attollat
1141 1182 1145 1192 '

573 1385 730 1438 nudatae...
748 1385 897 1451 tegminae
914 1385 1025 1437 sumet

292 1557 345 1623 Ita
358 1557 421 1624 luit
440 1556 681 1646 mythologicis
702 1557 911 1624 ornamentis
933 1554 1144 1625 circumdata
1166 1555 1227 1620 illa
1246 1553 1377 1621 Minois.

247 1662 339 1729 filiae
359 1663 475 1730 fabula
493 1669 532 1730 ut
549 1664 646 1730 seria
672 1662 782 1730 videri
806 1685 875 1729 non
895 1663 1019 1753 possit,
1043 1685 1104 1729 nec
1122 1682 1241 1745 veram
1265 1660 1369 1731 mise·

247 1769 432 1836 ricordiam
451 1773 678 1854 commoveat,
700 1792 813 1860 neque
830 1770 1021 1836 humanum
1041 1772 1149 1835 sonet.

290 1875 404 1943 Unum
420 1882 535 1944 tamen
556 1899 573 1943 e
595 1877 730 1944 Catullo
749 1876 926 1965 Vergilius
954 1875 1168 1966 decerpsisse
1199 1873 1285 1940 mihi
1315 1872 1366 1938 vi-

247 1983 349 2052 detur
370 2006 377 2052 :

371 2178 400 2230 Si
415 2177 466 2230 tibi
482 2191 542 2230 uon
556 2177 633 2230 cordi
648 2178 767 2232 fuerant
778 2180 906 2232 conubia
919 2184 1021 2232 nostra

416 2263 549 2312 attamen
564 2260 595 2310 in
608 2265 721 2313 vostras
736 2261 859 2325 potuisti
874 2262 978 2313 ducere
992 2260 1087 2324 sedes,

370 2352 446 2404 quae
460 2340 510 2392 tibi
522 2340 653 2405 jncundo
667 2342 825 2395 famularer
840 2355 925 2395 serve
936 2341 1034 2394 labore
1043 2344 1063 2406 θ,
1078 2345 1133 2394 etc.

174 2504 177 2509 ’
247 2511 348 2594 Quod
367 2510 507 2603 quidem
527 2513 692 2579 cumillis
712 2515 827 2604 quarti
845 2513 926 2580 libri
946 2512 1266 2604 supramemoratis
1286 2532 1363 2577 ver·

244 2618 339 2690 sibus
365 2621 638 2711 comparandum
662 2627 728 2704 cst,
751 2622 812 2688 ubi
836 2644 953 2689 secum
972 2621 1060 2688 Dido
1080 2621 1164 2711 quid
1183 2624 1302 2686 actura
1321 2619 1363 2686 sit

241 2732 407 2816 reputans
443 2727 629 2795 inducitur.
663 2726 764 2809 Quod
791 2736 907 2796 tamen
940 2732 1157 2820 assumptum
1187 2726 1362 2813 Vergilius

240 2855 310 2899 non
329 2835 498 2901 commisit
517 2838 555 2900 ut
578 2835 724 2901 crudum
743 2857 885 2926 prorsus
914 2859 1026 2926 neque
1045 2838 1264 2902 immutatum
1285 2834 1362 2901 red-

240 2938 350 3006 deret.
387 2941 474 3006 Sunt
508 2942 599 3007 enim
639 2942 864 3028 cogitationes
892 2943 1082 3032 quaedam,
1118 2963 1221 3032 quas,
1253 2942 1361 3009 etsie

237 3045 461 3113 vehementer
496 3053 666 3114 commoto
704 3048 819 3115 animo
861 3050 1046 3132 admissos,
1086 3047 1201 3115 verbis
1243 3056 1360 3115 tamen

238 3152 355 3242 palam
382 3153 537 3242 prolerre
567 3155 622 3219 vix
648 3155 774 3222 audeat
798 3157 923 3245 quivis.
954 3157 1159 3246 Quanquam
1182 3157 1288 3242 igitur
1315 3155 1360 3222 ad

238 3259 353 3325 omnia
372 3263 529 3349 paratam
549 3283 624 3328 esse
644 3261 815 3328 Didonem
831 3264 998 3353 suspicari
1018 3264 1116 3330 nobis
1143 3263 1238 3344 licet,
1261 3262 1360 3330 abest

238 3371 352 3432 tamen
372 3374 410 3432 ut
438 3389 564 3434 nomen
589 3369 712 3435 saltem
737 3369 896 3436 famulitii
925 3393 994 3436 non
1020 3371 1180 3453 horreat;
1205 3394 1245 3438 ac
1263 3377 1358 3439 tanto

270 3579 292 3628 1.
309 3578 443 3630 Ouidianae
460 3581 582 3631 Ariadnae
597 3581 729 3646 (Fauni,
745 3583 789 3633 461
806 3583 871 3648 sqq.)
886 3582 1022 3632 Catulliana
1036 3583 1167 3646 persimilis
1177 3588 1232 3632 est:

487 3707 536 3749 tarn
551 3707 606 3750 bena
617 3708 707 3763 periuro
723 3715 819 3752 mutarat
829 3709 924 3765 conjuga
939 3708 1088 3757 Bacchum...

489 3768 555 3812 Sorte
568 3769 611 3812 tori
623 3771 733 3825 gaudens.
748 3771 807 3822 Quid
819 3771 896 3814 flebam
909 3771 1010 3814 rustice?
1022 3772 1090 3826 dixit3

555 3832 641 3876 Utiliter
655 3833 720 3876 nobis
730 3833 828 3888 pertidus
840 3833 879 3877 illa
891 3833 942 3878 luit.

266 3885 289 3933 2.
305 3899 372 3945 cxiv,
388 3884 443 3934 165.
1032 3893 1034 3897 '

263 3955 288 4005 3.
304 3969 369 4016 cmv,
386 3955 432 4006 113
446 3971 499 4020 sqq.

266 4027 290 4078 l.
306 4027 389 4088 Ovio„
407 4028 477 4089 Her,
490 4028 519 4087 ll,
533 4029 574 4079 79.

265 4099 289 4148 5.
305 4113 370 4160 uxrv,
386 4099 439 4149 130.
455 4127 487 4137 -
501 4100 538 4152 Cl.
555 4101 642 4163 Coum,
657 4103 700 4152 nt.
714 4117 762 4152 sur
777 4102 889 4164 Catulle,
906 4119 929 4167 p.
946 4103 992 4154 220
1003 4120 1050 4169 sq,
1066 4105 1121 4155 233.

265 4171 290 4219 6.
305 4185 370 4234 einr,
387 4171 432 4220 158
449 4187 502 4236 sqq.
519 4200 549 4208 -
565 4174 645 4234 Enna,
663 4175 757 4226 Gomm.
774 4191 807 4226 oa
823 4175 959 4236 Catullus,
977 4191 1002 4240 p,
1015 4176 1075 4238 311,
1092 4181 1158 4226 recte
1173 4179 1267 4229 confert
1284 4180 1356 4231 Euar-

235 4258 314 4303 rmun,
331 4243 392 4306 frag.
404 4258 502 4306 cxxxur,
518 4245 557 4294 ed.
573 4246 676 4296 Neues:

360 4369 442 4433 ’Άγου
457 4370 483 4422 δέ
498 4372 536 4431 μ’,
551 4368 571 4422 ὦ
587 4372 646 4436 ξέν’,
663 4374 710 4426 lue
725 4378 870 4439 πρόσπολον
887 4375 961 4434 θέλεις

362 4441 409 4493 εἴτ’
426 4440 529 4511 ἄλοχον,
545 4443 592 4496 εἴτε
604 4443 729 4508 δμωίδα...
