2940 5076
196 335 240 400 54
647 355 723 402 rans
745 355 850 402 aaron.

196 527 251 594 vel
283 527 430 594 mirandi
460 527 637 614 cogitatio,
676 531 740 597 etsi
770 529 885 620 potius
920 526 1047 594 debeat
1077 530 1110 592 et
1138 524 1318 592 verissime

196 634 305 725 possit
323 634 496 701 hesternus
514 636 573 704 ille
593 659 690 704 amor
709 636 890 728 appellari.
994 669 996 672 >
1121 711 1124 716 .

242 743 336 824 Quae
357 764 435 809 cum
454 744 502 810 ita
521 744 599 826 sint,
622 745 738 812 multis
758 767 840 813 sane
860 743 971 833 poetis
996 741 1083 809 nihil
1106 739 1202 807 aliud
1229 739 1321 806 ultra

195 848 239 915 de
264 848 405 916 Didonis
436 849 550 917 indole
580 851 833 942 exponendum,
856 850 918 919 sed
936 849 982 916 ad
1001 850 1129 915 exitum
1153 848 1220 913 cito
1245 869 1322 912 cur-

195 955 341 1022 rendum
361 957 472 1022 visum
490 957 623 1040 fuisset,
643 980 721 1025 cum
741 959 823 1025 satis
839 958 912 1045 jam
928 982 946 1022 e
965 957 1070 1042 longa
1088 954 1320 1044 descriptione

196 1086 237 1129 ea
272 1085 360 1153 qnae
398 1064 433 1129 in
472 1064 614 1131 Didonis
648 1067 762 1133 animo
799 1070 949 1151 aguntur
986 1063 1105 1129 lectori
1143 1060 1322 1151 explorata

195 1172 332 1237 suerint.
356 1169 532 1259 Vergilius
558 1180 678 1240 contra
701 1172 958 1263 exquisitionem
984 1171 1088 1236 etiam
1113 1171 1148 1235 in
1178 1167 1321 1234 modum

197 1276 400 1344 excutienda
430 1278 490 1344 illa
518 1301 593 1347 esse
624 1281 776 1361 censuit,
807 1277 902 1369 quod
930 1276 1071 1368 quidem
1098 1275 1158 1341 illa
1177 1274 1322 1364 perfecit
1350 1313 1355 1325 ·

197 1385 411 1451 oratiuncula
429 1408 499 1475 qua
517 1388 626 1453 sorori
642 1385 729 1452 Dido
749 1387 888 1453 intimos
909 1406 1029 1451 sensus
1050 1382 1239 1449 credidisse
1259 1381 1320 1447 fin-

196 1492 299 1577 gitur.
330 1491 462 1581 Nempe
489 1493 542 1559 his
571 1495 607 1559 in
627 1493 741 1559 verbis
767 1494 920 1583 apertius
945 1514 985 1558 ac
1010 1492 1119 1557 fusius
1140 1489 1240 1556 nobis
1260 1512 1320 1555 eae

197 1600 411 1688 explicantur
437 1598 585 1690 duplicis
616 1599 757 1690 quidem
785 1601 923 1687 generis
954 1620 1089 1680 causae,
1122 1597 1249 1686 quibus
1276 1595 1321 1662 ad

196 1706 350 1772 Aeneam
365 1706 454 1772 Dido
474 1707 657 1797 pellicitus.

243 1814 379 1904 Quippe
399 1836 502 1904 quam
523 1816 659 1882 Aeneae
677 1843 693 1877 α
710 1813 873 1902 adspectu
888 1814 1123 1904 obstipuisse»
1136 1812 1211 1900 jam
1224 1813 1319 1902 prius

198 1929 300 2010 poeta
320 1922 633 2011 praenuntiaverit,
654 1922 714 1988 ubi
734 1923 884 2011 primurn
905 1923 1024 2006 regina
1051 1920 1188 2009 duxque
1215 1920 1320 2005 troja-

197 2050 263 2094 nus
288 2028 382 2094 obvii
406 2029 496 2094 inter
520 2051 556 2094 se
581 2029 730 2095 luerunt.
761 2028 880 2116 Neque
909 2028 1018 2094 multo
1047 2035 1125 2117 post
1143 2025 1319 2113 Vergilius

198 2133 356 2201 eamdem
370 2136 473 2201 istam
487 2135 625 2201 Aeneae
646 2135 913 2225 pulchritudinis
934 2135 1208 2216 admirationem,
1239 2134 1321 2222 (qua

198 2240 339 2333 quidem
364 2243 476 2332 primo
502 2264 690 2328 congressu
721 2242 880 2332 perculsa
912 2242 1000 2308 Dido
1027 2242 1157 2330 fuerit,)
1193 2243 1320 2307 iterum

199 2355 462 2430 commemorat,
486 2372 565 2416 cum
585 2350 667 2417 dicit
685 2372 754 2416 non
775 2371 875 2439 posse
895 2351 1054 2435 reginae,
1077 2351 1112 2415 in
1131 2349 1320 2437 Astyanac-

197 2463 268 2525 tem
287 2457 406 2524 oeulos
427 2457 572 2540 defixae,

508 2633 619 2698 expleri
632 2633 721 2686 corda
734 2634 851 2691 tuendo,-

199 2789 411 2856 eristimasse
442 2787 534 2854 enim
561 2787 659 2868 licet,
694 2810 763 2854 non
796 2793 929 2854 tantum
960 2789 1056 2854 illam
1079 2811 1100 2855 a
1125 2816 1141 2849 «
1167 2809 1278 2878 puero
1301 2816 1316 2850 »

198 2896 331 2962 moveri
358 2896 451 2985 ipsc,
488 2902 653 2984 quantum
686 2895 829 2961 formosi
862 2895 1086 2964 similitudine
1119 2897 1239 2985 patris.
1274 2935 1320 2945 —

199 3004 312 3093 Atque
333 3002 496 3092 deinceps
515 3001 653 3090 quando
669 3003 703 3067 in
720 3024 795 3069 sese
810 3003 994 3070 recollecta
1008 3003 1110 3070 nobis
1124 3003 1320 3070 ostenditur

199 3109 305 3192 Dido,
329 3137 345 3170 α
367 3109 511 3176 haerere
533 3137 549 3170 »
571 3110 602 3175 ei

510 3285 618 3336 infixos
630 3291 748 3350 pectore
761 3286 850 3336 vultus

198 3463 318 3510 rursus
344 3440 582 3507 admonemur.
621 3440 720 3506 Nunc
752 3463 849 3521 vero,
890 3440 1029 3531 quando
1064 3442 1201 3508 Annam
1234 3443 1320 3509 allo·

199 3549 328 3638 quitur,
342 3549 420 3637 ipsa
438 3547 577 3612 tandem
592 3552 759 3637 quantum
773 3547 913 3633 Trojani
936 3548 1051 3616 herois
1075 3549 1225 3614 robustis
1245 3550 1321 3616 ille-

200 3657 313 3723 cebris
334 3654 538 3721 ccnturbata
555 3655 669 3736 luerit,
685 3656 835 3741 ingenua
855 3656 1068 3723 confessione
1088 3655 1241 3722 declarat
1263 3679 1271 3726 :

326 3837 418 3896 Quam
435 3845 500 3884 sese
513 3846 557 3880 ore
572 3831 679 3895 serem,
694 3845 784 3897 quam
800 3832 869 3883 forti
881 3840 985 3897 pectore
999 3838 1030 3885 et
1044 3834 1145 3885 armis!

201 3984 307 4072 Cujus
335 3985 477 4073 quidem
496 4006 614 4052 versus
634 3984 701 4050 fine
721 3984 908 4070 significari
927 3988 1064 4053 Aeneae
1090 3986 1263 4055 thoracem
1285 3994 1320 4056 et

202 4093 344 4159 lacertos
374 4089 583 4180 quibusdam
611 4113 692 4158 sane
725 4091 901 4181 displicuit
917 4093 939 4176 ¹,
978 4116 1091 4183 neque
1129 4094 1319 4163 delicatum

233 4290 255 4339 1.
275 4288 311 4338 cf.
327 4286 445 4346 lividam,
461 4301 526 4335 neure
540 4286 670 4351 Beitrdpe,
685 4287 719 4350 (p.
734 4287 774 4346 76,
789 4287 828 4347 77,
844 4288 884 4351 78)
899 4290 949 4352 qui,
961 4304 1015 4338 cum
1030 4290 1133 4339 Bmorsr
1151 4296 1176 4340 et
1194 4291 1319 4341 Haesura-

201 4377 267 4411 nass
281 4359 355 4424 (apud
371 4359 512 4418 Fonmcm),
528 4357 584 4405 huic
601 4360 682 4406 sensui
702 4359 855 4420 adversatur,
871 4374 948 4423 neque
966 4367 1055 4420 tamen,
1071 4367 1098 4409 ut
1110 4363 1207 4425 opinor,
1222 4364 1318 4427 proba-

201 4433 262 4484 bilia
276 4435 417 4494 crgumenta
428 4429 505 4478 affert.
