<?xml version="1.0" encoding="UTF-8"?>
<!DOCTYPE html PUBLIC "-//W3C//DTD XHTML 1.0 Transitional//EN"
    "http://www.w3.org/TR/xhtml1/DTD/xhtml1-transitional.dtd">
<html xmlns="http://www.w3.org/1999/xhtml" xml:lang="en" lang="en">
 <head>
  <title>
</title>
<meta http-equiv="Content-Type" content="text/html;charset=utf-8" />
  <meta name='ocr-system' content='tesseract 3.04.00' />
  <meta name='ocr-capabilities' content='ocr_page ocr_carea ocr_par ocr_line ocrx_word'/>
</head>
<body>
  <div class='ocr_page' id='page_1' title='image "./devergilioininf01rbgoog_0022.png"; bbox 0 0 2940 5076; ppageno 0'>
   <div class='ocr_carea' id='block_1_1' title="bbox 636 359 1376 423">
    <p class='ocr_par' dir='ltr' id='par_1_1' title="bbox 636 359 1376 423">
     <span class='ocr_line' id='line_1_1' title="bbox 636 359 1376 423; baseline 0.004 -18"><span class='ocrx_word' id='word_1_1' title='bbox 636 359 830 407; x_wconf 83' lang='lat' dir='ltr'><strong>reoouniun.</strong></span> <span class='ocrx_word' id='word_1_2' title='bbox 1253 363 1297 408; x_wconf 87' lang='lat' dir='ltr'><strong>vn</strong></span> <span class='ocrx_word' id='word_1_3' title='bbox 1371 409 1376 423; x_wconf 68' lang='grc'>,</span> 
     </span>
    </p>
   </div>
   <div class='ocr_carea' id='block_1_2' title="bbox 174 529 1298 1372">
    <p class='ocr_par' dir='ltr' id='par_1_2' title="bbox 174 529 1298 1372">
     <span class='ocr_line' id='line_1_2' title="bbox 176 529 1296 623; baseline 0.006 -29"><span class='ocrx_word' id='word_1_4' title='bbox 176 549 278 596; x_wconf 88' lang='lat' dir='ltr'><strong>sones</strong></span> <span class='ocrx_word' id='word_1_5' title='bbox 305 529 469 620; x_wconf 82' lang='lat' dir='ltr'><strong>(Aeneam</strong></span> <span class='ocrx_word' id='word_1_6' title='bbox 492 534 622 600; x_wconf 86' lang='lat' dir='ltr'><strong>scilieet</strong></span> <span class='ocrx_word' id='word_1_7' title='bbox 647 534 870 623; x_wconf 82' lang='lat' dir='ltr'><strong>Turnumque</strong></span> <span class='ocrx_word' id='word_1_8' title='bbox 890 535 980 600; x_wconf 83' lang='lat' dir='ltr'><strong>inter</strong></span> <span class='ocrx_word' id='word_1_9' title='bbox 1002 534 1111 617; x_wconf 82' lang='lat' dir='ltr'><strong>rime,</strong></span> <span class='ocrx_word' id='word_1_10' title='bbox 1142 537 1230 601; x_wconf 84' lang='lat' dir='ltr'><strong>inter</strong></span> <span class='ocrx_word' id='word_1_11' title='bbox 1250 536 1296 602; x_wconf 86' lang='lat' dir='ltr'><strong>le-</strong></span> 
     </span>
     <span class='ocr_line' id='line_1_3' title="bbox 174 636 1296 732; baseline 0.008 -31"><span class='ocrx_word' id='word_1_12' title='bbox 174 636 286 705; x_wconf 90' lang='lat' dir='ltr'><strong>miuas</strong></span> <span class='ocrx_word' id='word_1_13' title='bbox 309 637 479 705; x_wconf 87' lang='lat' dir='ltr'><strong>Didonem</strong></span> <span class='ocrx_word' id='word_1_14' title='bbox 504 646 537 707; x_wconf 88' lang='lat' dir='ltr'><strong>et</strong></span> <span class='ocrx_word' id='word_1_15' title='bbox 560 640 851 730; x_wconf 87' lang='lat' dir='ltr'><strong>Andromacham)</strong></span> <span class='ocrx_word' id='word_1_16' title='bbox 880 641 1053 732; x_wconf 83' lang='lat' dir='ltr'><strong>copiosius</strong></span> <span class='ocrx_word' id='word_1_17' title='bbox 1083 665 1122 708; x_wconf 86' lang='lat' dir='ltr'><strong>ae</strong></span> <span class='ocrx_word' id='word_1_18' title='bbox 1147 642 1296 710; x_wconf 87' lang='lat' dir='ltr'><strong>vividius</strong></span> 
     </span>
     <span class='ocr_line' id='line_1_4' title="bbox 175 743 1297 840; baseline 0.006 -31"><span class='ocrx_word' id='word_1_19' title='bbox 175 743 382 835; x_wconf 86' lang='lat' dir='ltr'><strong>descriptas,</strong></span> <span class='ocrx_word' id='word_1_20' title='bbox 406 748 467 814; x_wconf 90' lang='lat' dir='ltr'><strong>sed</strong></span> <span class='ocrx_word' id='word_1_21' title='bbox 490 771 546 816; x_wconf 88' lang='lat' dir='ltr'><strong>eas</strong></span> <span class='ocrx_word' id='word_1_22' title='bbox 572 772 646 819; x_wconf 91' lang='lat' dir='ltr'><strong>esse</strong></span> <span class='ocrx_word' id='word_1_23' title='bbox 671 750 853 840; x_wconf 90' lang='lat' dir='ltr'><strong>inquibus</strong></span> <span class='ocrx_word' id='word_1_24' title='bbox 878 748 1125 838; x_wconf 82' lang='lat' dir='ltr'><strong>componendis</strong></span> <span class='ocrx_word' id='word_1_25' title='bbox 1156 771 1297 836; x_wconf 82' lang='lat' dir='ltr'><strong>magno-</strong></span> 
     </span>
     <span class='ocr_line' id='line_1_5' title="bbox 175 852 1295 946; baseline 0.006 -29"><span class='ocrx_word' id='word_1_26' title='bbox 175 874 258 941; x_wconf 91' lang='lat' dir='ltr'><strong>pere</strong></span> <span class='ocrx_word' id='word_1_27' title='bbox 282 852 421 940; x_wconf 82' lang='lat' dir='ltr'><strong>adjutus</strong></span> <span class='ocrx_word' id='word_1_28' title='bbox 450 857 493 921; x_wconf 87' lang='lat' dir='ltr'><strong>sit</strong></span> <span class='ocrx_word' id='word_1_29' title='bbox 520 879 540 922; x_wconf 90' lang='lat' dir='ltr'><strong>a</strong></span> <span class='ocrx_word' id='word_1_30' title='bbox 566 857 706 925; x_wconf 85' lang='lat' dir='ltr'><strong>Graecis</strong></span> <span class='ocrx_word' id='word_1_31' title='bbox 726 856 912 943; x_wconf 80' lang='lat' dir='ltr'><strong>Vergilius.</strong></span> <span class='ocrx_word' id='word_1_32' title='bbox 937 855 1102 946; x_wconf 90' lang='lat' dir='ltr'><strong>Reliquas</strong></span> <span class='ocrx_word' id='word_1_33' title='bbox 1121 880 1203 923; x_wconf 89' lang='lat' dir='ltr'><strong>vero</strong></span> <span class='ocrx_word' id='word_1_34' title='bbox 1223 858 1295 924; x_wconf 84' lang='lat' dir='ltr'><strong>lere</strong></span> 
     </span>
     <span class='ocr_line' id='line_1_6' title="bbox 176 964 1296 1054; baseline 0.008 -31"><span class='ocrx_word' id='word_1_35' title='bbox 176 980 307 1043; x_wconf 90' lang='lat' dir='ltr'><strong>omnes,</strong></span> <span class='ocrx_word' id='word_1_36' title='bbox 323 966 398 1027; x_wconf 89' lang='lat' dir='ltr'><strong>tum</strong></span> <span class='ocrx_word' id='word_1_37' title='bbox 412 964 528 1030; x_wconf 90' lang='lat' dir='ltr'><strong>viriles</strong></span> <span class='ocrx_word' id='word_1_38' title='bbox 548 987 627 1030; x_wconf 91' lang='lat' dir='ltr'><strong>eum</strong></span> <span class='ocrx_word' id='word_1_39' title='bbox 646 964 833 1030; x_wconf 80' lang='lat' dir='ltr'><strong>muliebres</strong></span> <span class='ocrx_word' id='word_1_40' title='bbox 853 985 1032 1054; x_wconf 80' lang='lat' dir='ltr'><strong>personae,</strong></span> <span class='ocrx_word' id='word_1_41' title='bbox 1049 969 1120 1030; x_wconf 86' lang='lat' dir='ltr'><strong>tam</strong></span> <span class='ocrx_word' id='word_1_42' title='bbox 1141 965 1231 1031; x_wconf 85' lang='lat' dir='ltr'><strong>male</strong></span> <span class='ocrx_word' id='word_1_43' title='bbox 1252 966 1296 1032; x_wconf 89' lang='lat' dir='ltr'><strong>ab</strong></span> 
     </span>
     <span class='ocr_line' id='line_1_7' title="bbox 176 1066 1297 1164; baseline 0.008 -34"><span class='ocrx_word' id='word_1_44' title='bbox 176 1088 216 1131; x_wconf 93' lang='lat' dir='ltr'><strong>eo</strong></span> <span class='ocrx_word' id='word_1_45' title='bbox 243 1066 349 1134; x_wconf 86' lang='lat' dir='ltr'><strong>fuisse</strong></span> <span class='ocrx_word' id='word_1_46' title='bbox 379 1068 552 1160; x_wconf 78' lang='lat' dir='ltr'><strong>depictaS,</strong></span> <span class='ocrx_word' id='word_1_47' title='bbox 585 1078 622 1137; x_wconf 87' lang='lat' dir='ltr'><strong>ut</strong></span> <span class='ocrx_word' id='word_1_48' title='bbox 651 1098 667 1132; x_wconf 91' lang='lat'>«</span> <span class='ocrx_word' id='word_1_49' title='bbox 698 1071 909 1161; x_wconf 87' lang='lat' dir='ltr'><strong>pallentibus</strong></span> <span class='ocrx_word' id='word_1_50' title='bbox 941 1070 1075 1137; x_wconf 84' lang='lat' dir='ltr'><strong>umbris</strong></span> <span class='ocrx_word' id='word_1_51' title='bbox 1107 1100 1122 1133; x_wconf 82' lang='lat' dir='ltr'><strong>n</strong></span> <span class='ocrx_word' id='word_1_52' title='bbox 1158 1095 1297 1164; x_wconf 90' lang='lat' dir='ltr'><strong>compa·</strong></span> 
     </span>
     <span class='ocr_line' id='line_1_8' title="bbox 174 1174 1297 1269; baseline 0.007 -31"><span class='ocrx_word' id='word_1_53' title='bbox 174 1174 304 1240; x_wconf 89' lang='lat' dir='ltr'><strong>rendae</strong></span> <span class='ocrx_word' id='word_1_54' title='bbox 324 1176 392 1242; x_wconf 87' lang='lat' dir='ltr'><strong>sint</strong></span> <span class='ocrx_word' id='word_1_55' title='bbox 412 1179 547 1266; x_wconf 84' lang='lat' dir='ltr'><strong>quasin</strong></span> <span class='ocrx_word' id='word_1_56' title='bbox 565 1178 784 1245; x_wconf 88' lang='lat' dir='ltr'><strong>Infernorum</strong></span> <span class='ocrx_word' id='word_1_57' title='bbox 805 1179 923 1269; x_wconf 83' lang='lat' dir='ltr'><strong>spatiis</strong></span> <span class='ocrx_word' id='word_1_58' title='bbox 945 1178 1176 1247; x_wconf 80' lang='lat' dir='ltr'><strong>subobscurus</strong></span> <span class='ocrx_word' id='word_1_59' title='bbox 1196 1179 1297 1246; x_wconf 90' lang='lat' dir='ltr'><strong>deer-</strong></span> 
     </span>
     <span class='ocr_line' id='line_1_9' title="bbox 175 1282 1298 1372; baseline 0.006 -26"><span class='ocrx_word' id='word_1_60' title='bbox 175 1303 252 1347; x_wconf 89' lang='lat' dir='ltr'><strong>rare</strong></span> <span class='ocrx_word' id='word_1_61' title='bbox 271 1282 346 1372; x_wconf 92' lang='lat' dir='ltr'><strong>ipse</strong></span> <span class='ocrx_word' id='word_1_62' title='bbox 367 1283 523 1368; x_wconf 83' lang='lat' dir='ltr'><strong>finxerit;</strong></span> <span class='ocrx_word' id='word_1_63' title='bbox 545 1286 630 1352; x_wconf 90' lang='lat' dir='ltr'><strong>nihil</strong></span> <span class='ocrx_word' id='word_1_64' title='bbox 651 1288 685 1351; x_wconf 92' lang='lat' dir='ltr'><strong>in</strong></span> <span class='ocrx_word' id='word_1_65' title='bbox 713 1287 754 1351; x_wconf 94' lang='lat' dir='ltr'><strong>iis</strong></span> <span class='ocrx_word' id='word_1_66' title='bbox 782 1285 974 1367; x_wconf 86' lang='lat' dir='ltr'><strong>definitum,</strong></span> <span class='ocrx_word' id='word_1_67' title='bbox 998 1285 1084 1351; x_wconf 89' lang='lat' dir='ltr'><strong>nihil</strong></span> <span class='ocrx_word' id='word_1_68' title='bbox 1108 1287 1242 1370; x_wconf 85' lang='lat' dir='ltr'><strong>vivum;</strong></span> <span class='ocrx_word' id='word_1_69' title='bbox 1263 1293 1298 1353; x_wconf 90' lang='lat' dir='ltr'><strong>at</strong></span> 
     </span>
    </p>
   </div>
   <div class='ocr_carea' id='block_1_3' title="bbox 177 1393 1297 1484">
    <p class='ocr_par' dir='ltr' id='par_1_3' title="bbox 177 1393 1297 1484">
     <span class='ocr_line' id='line_1_10' title="bbox 177 1393 1297 1484; baseline 0.007 -30"><span class='ocrx_word' id='word_1_70' title='bbox 177 1411 259 1455; x_wconf 88' lang='lat' dir='ltr'><strong>vero</strong></span> <span class='ocrx_word' id='word_1_71' title='bbox 292 1411 501 1478; x_wconf 78' lang='lat' dir='ltr'><strong>exsanguem</strong></span> <span class='ocrx_word' id='word_1_72' title='bbox 535 1394 699 1476; x_wconf 87' lang='lat' dir='ltr'><strong>colorem,</strong></span> <span class='ocrx_word' id='word_1_73' title='bbox 731 1395 897 1459; x_wconf 85' lang='lat' dir='ltr'><strong>incertam</strong></span> <span class='ocrx_word' id='word_1_74' title='bbox 927 1393 1200 1484; x_wconf 84' lang='lat' dir='ltr'><strong>nebulosumque</strong></span> <span class='ocrx_word' id='word_1_75' title='bbox 1228 1395 1297 1462; x_wconf 87' lang='lat' dir='ltr'><strong>for-</strong></span> 
     </span>
    </p>
   </div>
   <div class='ocr_carea' id='block_1_4' title="bbox 177 1497 300 1563">
    <p class='ocr_par' dir='ltr' id='par_1_4' title="bbox 177 1497 300 1563">
     <span class='ocr_line' id='line_1_11' title="bbox 177 1497 300 1563; baseline 0.016 -2"><span class='ocrx_word' id='word_1_76' title='bbox 177 1497 300 1563; x_wconf 86' lang='lat' dir='ltr'><strong>mem¹.</strong></span> 
     </span>
    </p>
   </div>
   <div class='ocr_carea' id='block_1_5' title="bbox 168 1691 1298 4539">
    <p class='ocr_par' dir='ltr' id='par_1_5' title="bbox 175 1691 1298 1971">
     <span class='ocr_line' id='line_1_12' title="bbox 177 1691 1297 1760; baseline 0.005 -20"><span class='ocrx_word' id='word_1_77' title='bbox 177 1691 261 1740; x_wconf 76' lang='lat' dir='ltr'><strong>threna</strong></span> <span class='ocrx_word' id='word_1_78' title='bbox 277 1693 329 1742; x_wconf 80' lang='lat' dir='ltr'><strong>Tun</strong></span> <span class='ocrx_word' id='word_1_79' title='bbox 351 1694 426 1743; x_wconf 89' lang='lat' dir='ltr'><strong>nicht</strong></span> <span class='ocrx_word' id='word_1_80' title='bbox 443 1694 537 1758; x_wconf 83' lang='lat' dir='ltr'><strong>scharf</strong></span> <span class='ocrx_word' id='word_1_81' title='bbox 555 1695 611 1744; x_wconf 86' lang='lat' dir='ltr'><strong>aad</strong></span> <span class='ocrx_word' id='word_1_82' title='bbox 627 1694 741 1760; x_wconf 80' lang='lat' dir='ltr'><strong>trcffcad</strong></span> <span class='ocrx_word' id='word_1_83' title='bbox 754 1696 902 1759; x_wconf 73' lang='lat' dir='ltr'><strong>pezcichnet</strong></span> <span class='ocrx_word' id='word_1_84' title='bbox 916 1697 973 1745; x_wconf 85' lang='lat' dir='ltr'><strong>aad</strong></span> <span class='ocrx_word' id='word_1_85' title='bbox 992 1712 1040 1747; x_wconf 85' lang='lat' dir='ltr'><strong>eon</strong></span> <span class='ocrx_word' id='word_1_86' title='bbox 1059 1696 1187 1746; x_wconf 78' lang='lat' dir='ltr'><strong>cirraader</strong></span> <span class='ocrx_word' id='word_1_87' title='bbox 1206 1711 1297 1760; x_wconf 72' lang='lat' dir='ltr'><strong>peson-</strong></span> 
     </span>
     <span class='ocr_line' id='line_1_13' title="bbox 176 1762 1296 1833; baseline 0.005 -22"><span class='ocrx_word' id='word_1_88' title='bbox 176 1762 263 1814; x_wconf 87' lang='lat' dir='ltr'><strong>dert...</strong></span> <span class='ocrx_word' id='word_1_89' title='bbox 283 1765 460 1827; x_wconf 75' lang='lat' dir='ltr'><strong>»agnoscitur</strong></span> <span class='ocrx_word' id='word_1_90' title='bbox 481 1771 560 1815; x_wconf 88' lang='lat' dir='ltr'><strong>tamen</strong></span> <span class='ocrx_word' id='word_1_91' title='bbox 584 1781 597 1815; x_wconf 94' lang='grc'><strong>6</strong></span> <span class='ocrx_word' id='word_1_92' title='bbox 619 1768 705 1816; x_wconf 87' lang='lat' dir='ltr'><strong>critico</strong></span> <span class='ocrx_word' id='word_1_93' title='bbox 721 1787 732 1812; x_wconf 92' lang='lat'>«</span> <span class='ocrx_word' id='word_1_94' title='bbox 751 1767 795 1816; x_wconf 88' lang='lat' dir='ltr'><strong>die</strong></span> <span class='ocrx_word' id='word_1_95' title='bbox 809 1766 981 1833; x_wconf 76' lang='lat' dir='ltr'><strong>Darstettnnp</strong></span> <span class='ocrx_word' id='word_1_96' title='bbox 1000 1767 1135 1818; x_wconf 82' lang='lat' dir='ltr'><strong>scetischer</strong></span> <span class='ocrx_word' id='word_1_97' title='bbox 1154 1768 1296 1828; x_wconf 81' lang='lat' dir='ltr'><strong>Znstdnde,</strong></span> 
     </span>
     <span class='ocr_line' id='line_1_14' title="bbox 175 1835 1298 1902; baseline 0.007 -20"><span class='ocrx_word' id='word_1_98' title='bbox 175 1835 257 1883; x_wconf 86' lang='lat' dir='ltr'><strong>werin</strong></span> <span class='ocrx_word' id='word_1_99' title='bbox 276 1836 323 1884; x_wconf 91' lang='lat' dir='ltr'><strong>der</strong></span> <span class='ocrx_word' id='word_1_100' title='bbox 341 1837 414 1885; x_wconf 86' lang='lat' dir='ltr'><strong>mctn·</strong></span> <span class='ocrx_word' id='word_1_101' title='bbox 435 1836 691 1902; x_wconf 69' lang='lat' dir='ltr'><strong>rhetoricen-tyran</strong></span> <span class='ocrx_word' id='word_1_102' title='bbox 711 1838 866 1902; x_wconf 75' lang='lat' dir='ltr'><strong>verantaqte</strong></span> <span class='ocrx_word' id='word_1_103' title='bbox 891 1838 997 1888; x_wconf 76' lang='lat' dir='ltr'><strong>Dichter</strong></span> <span class='ocrx_word' id='word_1_104' title='bbox 1019 1839 1158 1888; x_wconf 86' lang='lat' dir='ltr'><strong>besoadere</strong></span> <span class='ocrx_word' id='word_1_105' title='bbox 1179 1839 1298 1890; x_wconf 83' lang='lat' dir='ltr'><strong>Feinher&#39;t</strong></span> 
     </span>
     <span class='ocr_line' id='line_1_15' title="bbox 176 1906 1203 1971; baseline 0.005 -18"><span class='ocrx_word' id='word_1_106' title='bbox 176 1906 232 1954; x_wconf 80' lang='lat' dir='ltr'><strong>arrd</strong></span> <span class='ocrx_word' id='word_1_107' title='bbox 246 1907 321 1970; x_wconf 82' lang='lat' dir='ltr'><strong>tiafes</strong></span> <span class='ocrx_word' id='word_1_108' title='bbox 338 1908 508 1958; x_wconf 80' lang='lat' dir='ltr'><strong>Verstii&#39;ndnis</strong></span> <span class='ocrx_word' id='word_1_109' title='bbox 522 1909 661 1960; x_wconf 83' lang='lat' dir='ltr'><strong>tehnndet.</strong></span> <span class='ocrx_word' id='word_1_110' title='bbox 679 1929 691 1954; x_wconf 79' lang='lat' dir='ltr'><strong>n</strong></span> <span class='ocrx_word' id='word_1_111' title='bbox 1200 1965 1203 1971; x_wconf 46' lang='grc'>,</span> 
     </span>
    </p>

    <p class='ocr_par' dir='ltr' id='par_1_6' title="bbox 173 1977 1297 2538">
     <span class='ocr_line' id='line_1_16' title="bbox 207 1977 1296 2047; baseline 0.006 -23"><span class='ocrx_word' id='word_1_112' title='bbox 207 1977 355 2039; x_wconf 78' lang='lat' dir='ltr'><strong>Hennaeae,</strong></span> <span class='ocrx_word' id='word_1_113' title='bbox 372 1979 525 2029; x_wconf 84' lang='lat' dir='ltr'><strong>Geschichte</strong></span> <span class='ocrx_word' id='word_1_114' title='bbox 538 1982 564 2032; x_wconf 88' lang='lat' dir='ltr'><strong>d.</strong></span> <span class='ocrx_word' id='word_1_115' title='bbox 580 1985 644 2030; x_wconf 73' lang='lat' dir='ltr'><strong>rem.</strong></span> <span class='ocrx_word' id='word_1_116' title='bbox 661 1981 813 2038; x_wconf 75' lang='lat' dir='ltr'><strong>Kaiserzeit,</strong></span> <span class='ocrx_word' id='word_1_117' title='bbox 829 1985 846 2030; x_wconf 85' lang='lat' dir='ltr'><strong>t.</strong></span> <span class='ocrx_word' id='word_1_118' title='bbox 863 1980 881 2042; x_wconf 86' lang='lat' dir='ltr'><strong>l,</strong></span> <span class='ocrx_word' id='word_1_119' title='bbox 897 1996 914 2039; x_wconf 93' lang='lat'><strong>1,</strong></span> <span class='ocrx_word' id='word_1_120' title='bbox 932 1997 955 2044; x_wconf 90' lang='lat' dir='ltr'><strong>p.</strong></span> <span class='ocrx_word' id='word_1_121' title='bbox 972 1982 1077 2046; x_wconf 72' lang='grc'>1115166.</span> <span class='ocrx_word' id='word_1_122' title='bbox 1093 1983 1192 2045; x_wconf 78' lang='lat' dir='ltr'><strong>Pieres,</strong></span> <span class='ocrx_word' id='word_1_123' title='bbox 1208 1981 1296 2047; x_wconf 63' lang='lat' dir='ltr'><strong>Vergil</strong></span> 
     </span>
     <span class='ocr_line' id='line_1_17' title="bbox 174 2048 1296 2114; baseline 0.004 -17"><span class='ocrx_word' id='word_1_124' title='bbox 174 2063 202 2099; x_wconf 84' lang='lat' dir='ltr'><strong>n.</strong></span> <span class='ocrx_word' id='word_1_125' title='bbox 224 2048 250 2097; x_wconf 88' lang='lat' dir='ltr'><strong>d.</strong></span> <span class='ocrx_word' id='word_1_126' title='bbox 276 2050 376 2112; x_wconf 82' lang='lat' dir='ltr'><strong>epische</strong></span> <span class='ocrx_word' id='word_1_127' title='bbox 394 2053 490 2109; x_wconf 75' lang='lat' dir='ltr'><strong>liniret,</strong></span> <span class='ocrx_word' id='word_1_128' title='bbox 508 2068 531 2114; x_wconf 85' lang='lat' dir='ltr'><strong>p.</strong></span> <span class='ocrx_word' id='word_1_129' title='bbox 549 2052 598 2114; x_wconf 81' lang='lat'>1-2)</span> <span class='ocrx_word' id='word_1_130' title='bbox 616 2068 621 2100; x_wconf 92' lang='lat'><strong>:</strong></span> <span class='ocrx_word' id='word_1_131' title='bbox 639 2072 650 2097; x_wconf 80' lang='lat' dir='ltr'><strong>a</strong></span> <span class='ocrx_word' id='word_1_132' title='bbox 713 2052 783 2101; x_wconf 84' lang='lat' dir='ltr'><strong>Ahar</strong></span> <span class='ocrx_word' id='word_1_133' title='bbox 799 2053 869 2101; x_wconf 79' lang='lat' dir='ltr'><strong>eines</strong></span> <span class='ocrx_word' id='word_1_134' title='bbox 891 2052 940 2101; x_wconf 90' lang='lat' dir='ltr'><strong>hat</strong></span> <span class='ocrx_word' id='word_1_135' title='bbox 959 2068 986 2102; x_wconf 90' lang='lat' dir='ltr'><strong>er</strong></span> <span class='ocrx_word' id='word_1_136' title='bbox 1005 2052 1076 2103; x_wconf 86' lang='lat' dir='ltr'><strong>ntcht</strong></span> <span class='ocrx_word' id='word_1_137' title='bbox 1094 2052 1222 2111; x_wconf 72' lang='lat' dir='ltr'><strong>decesseri,</strong></span> <span class='ocrx_word' id='word_1_138' title='bbox 1246 2053 1296 2102; x_wconf 87' lang='lat' dir='ltr'><strong>den</strong></span> 
     </span>
     <span class='ocr_line' id='line_1_18' title="bbox 173 2120 1297 2189; baseline 0.003 -20"><span class='ocrx_word' id='word_1_139' title='bbox 173 2120 380 2184; x_wconf 77' lang='lat' dir='ltr'><strong>schdpfcrischen</strong></span> <span class='ocrx_word' id='word_1_140' title='bbox 402 2124 510 2181; x_wconf 84' lang='lat' dir='ltr'><strong>Genius,</strong></span> <span class='ocrx_word' id='word_1_141' title='bbox 527 2123 575 2172; x_wconf 86' lang='lat' dir='ltr'><strong>der</strong></span> <span class='ocrx_word' id='word_1_142' title='bbox 589 2125 685 2187; x_wconf 77' lang='lat' dir='ltr'><strong>richtip</strong></span> <span class='ocrx_word' id='word_1_143' title='bbox 699 2125 782 2189; x_wconf 71' lang='lat' dir='ltr'><strong>qreist</strong></span> <span class='ocrx_word' id='word_1_144' title='bbox 797 2125 824 2173; x_wconf 84' lang='lat' dir='ltr'><strong>in</strong></span> <span class='ocrx_word' id='word_1_145' title='bbox 839 2123 888 2172; x_wconf 90' lang='lat' dir='ltr'><strong>der</strong></span> <span class='ocrx_word' id='word_1_146' title='bbox 908 2124 988 2173; x_wconf 88' lang='lat' dir='ltr'><strong>Wahl</strong></span> <span class='ocrx_word' id='word_1_147' title='bbox 1003 2125 1048 2174; x_wconf 83' lang='lat' dir='ltr'><strong>des</strong></span> <span class='ocrx_word' id='word_1_148' title='bbox 1068 2125 1164 2189; x_wconf 81' lang='lat' dir='ltr'><strong>Stoffcs</strong></span> <span class='ocrx_word' id='word_1_149' title='bbox 1177 2125 1233 2172; x_wconf 80' lang='lat' dir='ltr'><strong>irad</strong></span> <span class='ocrx_word' id='word_1_150' title='bbox 1249 2124 1297 2173; x_wconf 92' lang='lat' dir='ltr'><strong>der</strong></span> 
     </span>
     <span class='ocr_line' id='line_1_19' title="bbox 173 2191 1296 2259; baseline 0.004 -21"><span class='ocrx_word' id='word_1_151' title='bbox 173 2193 223 2241; x_wconf 83' lang='lat' dir='ltr'><strong>rnit</strong></span> <span class='ocrx_word' id='word_1_152' title='bbox 233 2191 402 2256; x_wconf 76' lang='lat' dir='ltr'><strong>Lcichtiqlett</strong></span> <span class='ocrx_word' id='word_1_153' title='bbox 414 2193 469 2243; x_wconf 82' lang='lat' dir='ltr'><strong>arrd</strong></span> <span class='ocrx_word' id='word_1_154' title='bbox 479 2193 544 2243; x_wconf 86' lang='lat' dir='ltr'><strong>doeh</strong></span> <span class='ocrx_word' id='word_1_155' title='bbox 558 2195 735 2259; x_wconf 71' lang='lat' dir='ltr'><strong>rnnrterpittiq</strong></span> <span class='ocrx_word' id='word_1_156' title='bbox 746 2197 833 2244; x_wconf 84' lang='lat' dir='ltr'><strong>seinen</strong></span> <span class='ocrx_word' id='word_1_157' title='bbox 850 2195 923 2259; x_wconf 72' lang='lat' dir='ltr'><strong>Stolf</strong></span> <span class='ocrx_word' id='word_1_158' title='bbox 934 2195 1064 2244; x_wconf 77' lang='lat' dir='ltr'><strong>artordnct</strong></span> <span class='ocrx_word' id='word_1_159' title='bbox 1075 2196 1128 2244; x_wconf 86' lang='lat' dir='ltr'><strong>and</strong></span> <span class='ocrx_word' id='word_1_160' title='bbox 1139 2195 1296 2251; x_wconf 79' lang='lat' dir='ltr'><strong>belrandtct‚·</strong></span> 
     </span>
     <span class='ocr_line' id='line_1_20' title="bbox 174 2263 1296 2332; baseline 0.004 -20"><span class='ocrx_word' id='word_1_161' title='bbox 174 2264 220 2312; x_wconf 81' lang='grc'>1616</span> <span class='ocrx_word' id='word_1_162' title='bbox 235 2263 282 2313; x_wconf 88' lang='lat' dir='ltr'><strong>der</strong></span> <span class='ocrx_word' id='word_1_163' title='bbox 292 2264 364 2329; x_wconf 75' lang='lat' dir='ltr'><strong>Stoff</strong></span> <span class='ocrx_word' id='word_1_164' title='bbox 375 2267 416 2314; x_wconf 88' lang='lat' dir='ltr'><strong>ein</strong></span> <span class='ocrx_word' id='word_1_165' title='bbox 433 2266 552 2329; x_wconf 76' lang='lat' dir='ltr'><strong>Misqrtff</strong></span> <span class='ocrx_word' id='word_1_166' title='bbox 563 2281 629 2325; x_wconf 72' lang='grc'>1666,</span> <span class='ocrx_word' id='word_1_167' title='bbox 642 2282 670 2315; x_wconf 79' lang='lat' dir='ltr'><strong>so</strong></span> <span class='ocrx_word' id='word_1_168' title='bbox 683 2266 731 2315; x_wconf 87' lang='lat' dir='ltr'><strong>hat</strong></span> <span class='ocrx_word' id='word_1_169' title='bbox 746 2268 791 2314; x_wconf 78' lang='lat' dir='ltr'><strong>(ter</strong></span> <span class='ocrx_word' id='word_1_170' title='bbox 807 2267 914 2315; x_wconf 77' lang='lat' dir='ltr'><strong>Dichter</strong></span> <span class='ocrx_word' id='word_1_171' title='bbox 928 2266 996 2315; x_wconf 87' lang='lat' dir='ltr'><strong>anch</strong></span> <span class='ocrx_word' id='word_1_172' title='bbox 1007 2267 1179 2332; x_wconf 73' lang='lat' dir='ltr'><strong>ntrpeadsdie</strong></span> <span class='ocrx_word' id='word_1_173' title='bbox 1193 2266 1296 2316; x_wconf 80' lang='lat' dir='ltr'><strong>Wa&#39;rrne</strong></span> 
     </span>
     <span class='ocr_line' id='line_1_21' title="bbox 173 2335 1296 2404; baseline 0.003 -22"><span class='ocrx_word' id='word_1_174' title='bbox 173 2335 218 2383; x_wconf 84' lang='lat' dir='ltr'><strong>des</strong></span> <span class='ocrx_word' id='word_1_175' title='bbox 232 2336 344 2385; x_wconf 70' lang='lat' dir='ltr'><strong>Heraens</strong></span> <span class='ocrx_word' id='word_1_176' title='bbox 359 2336 503 2386; x_wconf 82' lang='lat' dir='ltr'><strong>demselden</strong></span> <span class='ocrx_word' id='word_1_177' title='bbox 518 2337 664 2401; x_wconf 72' lang='lat' dir='ltr'><strong>pependtcr</strong></span> <span class='ocrx_word' id='word_1_178' title='bbox 678 2337 860 2401; x_wconf 66' lang='grc'>6616166161,-</span> <span class='ocrx_word' id='word_1_179' title='bbox 875 2337 941 2386; x_wconf 87' lang='lat' dir='ltr'><strong>attes</strong></span> <span class='ocrx_word' id='word_1_180' title='bbox 956 2339 991 2386; x_wconf 81' lang='lat' dir='ltr'><strong>ist</strong></span> <span class='ocrx_word' id='word_1_181' title='bbox 1008 2339 1139 2404; x_wconf 71' lang='lat' dir='ltr'><strong>Rettcaion</strong></span> <span class='ocrx_word' id='word_1_182' title='bbox 1154 2337 1211 2388; x_wconf 86' lang='lat' dir='ltr'><strong>and</strong></span> <span class='ocrx_word' id='word_1_183' title='bbox 1226 2353 1296 2386; x_wconf 81' lang='lat' dir='ltr'><strong>zioar</strong></span> 
     </span>
     <span class='ocr_line' id='line_1_22' title="bbox 174 2404 1296 2474; baseline 0.002 -20"><span class='ocrx_word' id='word_1_184' title='bbox 174 2404 260 2465; x_wconf 78' lang='lat' dir='ltr'><strong>eante,</strong></span> <span class='ocrx_word' id='word_1_185' title='bbox 275 2407 419 2457; x_wconf 80' lang='lat' dir='ltr'><strong>nr&#39;tchterne</strong></span> <span class='ocrx_word' id='word_1_186' title='bbox 430 2408 583 2472; x_wconf 59' lang='lat' dir='ltr'><strong>deflectam</strong></span> <span class='ocrx_word' id='word_1_187' title='bbox 598 2407 665 2457; x_wconf 85' lang='lat' dir='ltr'><strong>wohl</strong></span> <span class='ocrx_word' id='word_1_188' title='bbox 680 2409 798 2457; x_wconf 83' lang='lat' dir='ltr'><strong>harnrnen</strong></span> <span class='ocrx_word' id='word_1_189' title='bbox 816 2407 909 2457; x_wconf 70' lang='lat' dir='ltr'><strong>achtine</strong></span> <span class='ocrx_word' id='word_1_190' title='bbox 934 2409 1032 2469; x_wconf 83' lang='lat' dir='ltr'><strong>Bitder,</strong></span> <span class='ocrx_word' id='word_1_191' title='bbox 1049 2409 1177 2474; x_wconf 80' lang='lat' dir='ltr'><strong>treffende</strong></span> <span class='ocrx_word' id='word_1_192' title='bbox 1193 2408 1296 2458; x_wconf 74' lang='grc'>(1161611-</span> 
     </span>
     <span class='ocr_line' id='line_1_23' title="bbox 174 2479 927 2538; baseline -0.004 -12"><span class='ocrx_word' id='word_1_193' title='bbox 174 2479 245 2526; x_wconf 85' lang='lat' dir='ltr'><strong>nisse</strong></span> <span class='ocrx_word' id='word_1_194' title='bbox 260 2494 312 2538; x_wconf 86' lang='lat' dir='ltr'><strong>vor,</strong></span> <span class='ocrx_word' id='word_1_195' title='bbox 329 2479 390 2528; x_wconf 86' lang='lat' dir='ltr'><strong>aher</strong></span> <span class='ocrx_word' id='word_1_196' title='bbox 404 2482 441 2529; x_wconf 83' lang='lat' dir='ltr'><strong>sic</strong></span> <span class='ocrx_word' id='word_1_197' title='bbox 452 2480 514 2529; x_wconf 84' lang='lat' dir='ltr'><strong>sind</strong></span> <span class='ocrx_word' id='word_1_198' title='bbox 523 2480 693 2529; x_wconf 80' lang='lat' dir='ltr'><strong>sentimental</strong></span> <span class='ocrx_word' id='word_1_199' title='bbox 708 2481 762 2528; x_wconf 83' lang='lat' dir='ltr'><strong>und</strong></span> <span class='ocrx_word' id='word_1_200' title='bbox 776 2481 900 2529; x_wconf 76' lang='lat' dir='ltr'><strong>stadici-t.</strong></span> <span class='ocrx_word' id='word_1_201' title='bbox 916 2499 927 2524; x_wconf 72' lang='lat' dir='ltr'><strong>n</strong></span> 
     </span>
    </p>

    <p class='ocr_par' dir='ltr' id='par_1_7' title="bbox 169 2549 1298 3539">
     <span class='ocr_line' id='line_1_24' title="bbox 206 2549 1294 2616; baseline 0.001 -18"><span class='ocrx_word' id='word_1_202' title='bbox 206 2549 243 2600; x_wconf 85' lang='lat' dir='ltr'><strong>Cl.</strong></span> <span class='ocrx_word' id='word_1_203' title='bbox 259 2551 322 2599; x_wconf 89' lang='lat' dir='ltr'><strong>iuter</strong></span> <span class='ocrx_word' id='word_1_204' title='bbox 336 2552 481 2611; x_wconf 84' lang='lat' dir='ltr'><strong>Britannos,</strong></span> <span class='ocrx_word' id='word_1_205' title='bbox 497 2553 603 2613; x_wconf 82' lang='lat' dir='ltr'><strong>Duneor,</strong></span> <span class='ocrx_word' id='word_1_206' title='bbox 621 2553 688 2600; x_wconf 86' lang='lat' dir='ltr'><strong>Hist.</strong></span> <span class='ocrx_word' id='word_1_207' title='bbox 705 2554 738 2616; x_wconf 78' lang='lat' dir='ltr'><strong>of</strong></span> <span class='ocrx_word' id='word_1_208' title='bbox 748 2567 840 2601; x_wconf 82' lang='lat' dir='ltr'><strong>roman</strong></span> <span class='ocrx_word' id='word_1_209' title='bbox 863 2553 1007 2611; x_wconf 80' lang='lat' dir='ltr'><strong>Ltterntur,</strong></span> <span class='ocrx_word' id='word_1_210' title='bbox 1024 2557 1041 2600; x_wconf 92' lang='lat' dir='ltr'><strong>t.</strong></span> <span class='ocrx_word' id='word_1_211' title='bbox 1062 2552 1108 2612; x_wconf 89' lang='lat' dir='ltr'><strong>lll,</strong></span> <span class='ocrx_word' id='word_1_212' title='bbox 1130 2568 1154 2614; x_wconf 92' lang='lat' dir='ltr'><strong>p.</strong></span> <span class='ocrx_word' id='word_1_213' title='bbox 1171 2551 1294 2611; x_wconf 72' lang='lat'>151-158;</span> 
     </span>
     <span class='ocr_line' id='line_1_25' title="bbox 173 2620 1296 2688; baseline 0 -18"><span class='ocrx_word' id='word_1_214' title='bbox 173 2622 298 2670; x_wconf 79' lang='lat' dir='ltr'><strong>Lonsmne</strong></span> <span class='ocrx_word' id='word_1_215' title='bbox 319 2622 373 2671; x_wconf 87' lang='lat' dir='ltr'><strong>and</strong></span> <span class='ocrx_word' id='word_1_216' title='bbox 393 2624 448 2682; x_wconf 82' lang='lat' dir='ltr'><strong>Lea,</strong></span> <span class='ocrx_word' id='word_1_217' title='bbox 466 2623 650 2672; x_wconf 76' lang='lat' dir='ltr'><strong>Introduction</strong></span> <span class='ocrx_word' id='word_1_218' title='bbox 667 2627 692 2671; x_wconf 92' lang='lat' dir='ltr'><strong>to</strong></span> <span class='ocrx_word' id='word_1_219' title='bbox 708 2622 751 2671; x_wconf 89' lang='lat' dir='ltr'><strong>the</strong></span> <span class='ocrx_word' id='word_1_220' title='bbox 766 2620 873 2688; x_wconf 74' lang='lat' dir='ltr'><strong>Enqtish</strong></span> <span class='ocrx_word' id='word_1_221' title='bbox 889 2622 1145 2685; x_wconf 82' lang='lat' dir='ltr'><strong>prose-translation</strong></span> <span class='ocrx_word' id='word_1_222' title='bbox 1164 2625 1197 2686; x_wconf 81' lang='lat' dir='ltr'><strong>of</strong></span> <span class='ocrx_word' id='word_1_223' title='bbox 1214 2622 1296 2686; x_wconf 77' lang='lat' dir='ltr'><strong>Virqil</strong></span> 
     </span>
     <span class='ocr_line' id='line_1_26' title="bbox 174 2693 1293 2759; baseline 0.003 -19"><span class='ocrx_word' id='word_1_224' title='bbox 174 2693 254 2755; x_wconf 80' lang='grc'>(1811)</span> <span class='ocrx_word' id='word_1_225' title='bbox 277 2707 283 2741; x_wconf 90' lang='lat'>:</span> <span class='ocrx_word' id='word_1_226' title='bbox 307 2713 319 2738; x_wconf 92' lang='lat'>«</span> <span class='ocrx_word' id='word_1_227' title='bbox 340 2694 455 2757; x_wconf 82' lang='lat' dir='ltr'><strong>Seareely</strong></span> <span class='ocrx_word' id='word_1_228' title='bbox 475 2710 522 2759; x_wconf 82' lang='lat' dir='ltr'><strong>any</strong></span> <span class='ocrx_word' id='word_1_229' title='bbox 544 2696 685 2743; x_wconf 82' lang='lat' dir='ltr'><strong>characters</strong></span> <span class='ocrx_word' id='word_1_230' title='bbox 707 2695 730 2742; x_wconf 93' lang='lat' dir='ltr'><strong>iu</strong></span> <span class='ocrx_word' id='word_1_231' title='bbox 754 2694 803 2757; x_wconf 86' lang='lat' dir='ltr'><strong>[the</strong></span> <span class='ocrx_word' id='word_1_232' title='bbox 827 2695 931 2757; x_wconf 76' lang='lat' dir='ltr'><strong>Aeneid]</strong></span> <span class='ocrx_word' id='word_1_233' title='bbox 955 2709 995 2743; x_wconf 87' lang='lat' dir='ltr'><strong>ere</strong></span> <span class='ocrx_word' id='word_1_234' title='bbox 1019 2695 1119 2758; x_wconf 85' lang='lat' dir='ltr'><strong>happily</strong></span> <span class='ocrx_word' id='word_1_235' title='bbox 1139 2696 1255 2744; x_wconf 85' lang='lat' dir='ltr'><strong>drawn...</strong></span> <span class='ocrx_word' id='word_1_236' title='bbox 1272 2709 1293 2755; x_wconf 78' lang='lat' dir='ltr'><strong>n;</strong></span> 
     </span>
     <span class='ocr_line' id='line_1_27' title="bbox 173 2764 1294 2829; baseline 0.002 -17"><span class='ocrx_word' id='word_1_237' title='bbox 173 2764 218 2815; x_wconf 93' lang='lat' dir='ltr'><strong>W.</strong></span> <span class='ocrx_word' id='word_1_238' title='bbox 238 2765 266 2815; x_wconf 89' lang='lat' dir='ltr'><strong>Y.</strong></span> <span class='ocrx_word' id='word_1_239' title='bbox 282 2764 452 2829; x_wconf 74' lang='grc'>8661161611.</span> <span class='ocrx_word' id='word_1_240' title='bbox 471 2766 554 2815; x_wconf 86' lang='lat' dir='ltr'><strong>Vinon</strong></span> <span class='ocrx_word' id='word_1_241' title='bbox 570 2768 597 2815; x_wconf 88' lang='lat' dir='ltr'><strong>in</strong></span> <span class='ocrx_word' id='word_1_242' title='bbox 613 2767 805 2814; x_wconf 76' lang='lat' dir='ltr'><strong>Enerenoriunn</strong></span> <span class='ocrx_word' id='word_1_243' title='bbox 820 2766 968 2827; x_wconf 74' lang='lat' dir='ltr'><strong>animumn)</strong></span> <span class='ocrx_word' id='word_1_244' title='bbox 986 2782 991 2814; x_wconf 91' lang='lat'>:</span> <span class='ocrx_word' id='word_1_245' title='bbox 1008 2786 1019 2811; x_wconf 88' lang='lat'>«</span> <span class='ocrx_word' id='word_1_246' title='bbox 1036 2768 1135 2829; x_wconf 72' lang='lat' dir='ltr'><strong>Amenp</strong></span> <span class='ocrx_word' id='word_1_247' title='bbox 1150 2765 1192 2815; x_wconf 90' lang='lat' dir='ltr'><strong>the</strong></span> <span class='ocrx_word' id='word_1_248' title='bbox 1206 2780 1294 2829; x_wconf 84' lang='lat' dir='ltr'><strong>perso-</strong></span> 
     </span>
     <span class='ocr_line' id='line_1_28' title="bbox 173 2834 1295 2902; baseline 0 -18"><span class='ocrx_word' id='word_1_249' title='bbox 173 2851 253 2900; x_wconf 69' lang='grc'>66966</span> <span class='ocrx_word' id='word_1_250' title='bbox 273 2837 305 2899; x_wconf 82' lang='lat' dir='ltr'><strong>os</strong></span> <span class='ocrx_word' id='word_1_251' title='bbox 317 2834 358 2885; x_wconf 87' lang='lat' dir='ltr'><strong>the</strong></span> <span class='ocrx_word' id='word_1_252' title='bbox 377 2837 475 2886; x_wconf 83' lang='lat' dir='ltr'><strong>Aenetd</strong></span> <span class='ocrx_word' id='word_1_253' title='bbox 495 2837 537 2886; x_wconf 86' lang='lat' dir='ltr'><strong>the</strong></span> <span class='ocrx_word' id='word_1_254' title='bbox 557 2837 618 2901; x_wconf 81' lang='lat' dir='ltr'><strong>only</strong></span> <span class='ocrx_word' id='word_1_255' title='bbox 633 2852 682 2888; x_wconf 90' lang='lat' dir='ltr'><strong>one</strong></span> <span class='ocrx_word' id='word_1_256' title='bbox 697 2836 782 2886; x_wconf 79' lang='lat' dir='ltr'><strong>witich</strong></span> <span class='ocrx_word' id='word_1_257' title='bbox 797 2835 902 2885; x_wconf 79' lang='lat' dir='ltr'><strong>entittcs</strong></span> <span class='ocrx_word' id='word_1_258' title='bbox 923 2837 1006 2902; x_wconf 72' lang='lat' dir='ltr'><strong>Virqit</strong></span> <span class='ocrx_word' id='word_1_259' title='bbox 1023 2841 1048 2887; x_wconf 91' lang='lat' dir='ltr'><strong>to</strong></span> <span class='ocrx_word' id='word_1_260' title='bbox 1060 2837 1128 2886; x_wconf 86' lang='lat' dir='ltr'><strong>raah</strong></span> <span class='ocrx_word' id='word_1_261' title='bbox 1141 2852 1237 2901; x_wconf 75' lang='lat' dir='ltr'><strong>arnaria</strong></span> <span class='ocrx_word' id='word_1_262' title='bbox 1252 2837 1295 2886; x_wconf 88' lang='lat' dir='ltr'><strong>the</strong></span> 
     </span>
     <span class='ocr_line' id='line_1_29' title="bbox 171 2907 1295 2973; baseline 0.002 -18"><span class='ocrx_word' id='word_1_263' title='bbox 171 2911 248 2973; x_wconf 66' lang='lat' dir='ltr'><strong>preat</strong></span> <span class='ocrx_word' id='word_1_264' title='bbox 269 2913 384 2957; x_wconf 77' lang='lat' dir='ltr'><strong>creatora</strong></span> <span class='ocrx_word' id='word_1_265' title='bbox 403 2909 426 2957; x_wconf 85' lang='lat' dir='ltr'><strong>is</strong></span> <span class='ocrx_word' id='word_1_266' title='bbox 445 2908 542 2960; x_wconf 84' lang='lat' dir='ltr'><strong>ltido...</strong></span> <span class='ocrx_word' id='word_1_267' title='bbox 566 2909 615 2959; x_wconf 90' lang='lat' dir='ltr'><strong>Shc</strong></span> <span class='ocrx_word' id='word_1_268' title='bbox 632 2910 655 2958; x_wconf 82' lang='lat' dir='ltr'><strong>ic</strong></span> <span class='ocrx_word' id='word_1_269' title='bbox 671 2908 714 2958; x_wconf 89' lang='lat' dir='ltr'><strong>the</strong></span> <span class='ocrx_word' id='word_1_270' title='bbox 731 2909 786 2957; x_wconf 79' lang='lat' dir='ltr'><strong>sote</strong></span> <span class='ocrx_word' id='word_1_271' title='bbox 801 2909 918 2958; x_wconf 85' lang='lat' dir='ltr'><strong>creatian</strong></span> <span class='ocrx_word' id='word_1_272' title='bbox 930 2909 1016 2957; x_wconf 83' lang='lat' dir='ltr'><strong>which</strong></span> <span class='ocrx_word' id='word_1_273' title='bbox 1028 2909 1129 2958; x_wconf 86' lang='lat' dir='ltr'><strong>Roman</strong></span> <span class='ocrx_word' id='word_1_274' title='bbox 1141 2911 1234 2972; x_wconf 73' lang='lat' dir='ltr'><strong>poetry</strong></span> <span class='ocrx_word' id='word_1_275' title='bbox 1247 2907 1295 2957; x_wconf 87' lang='lat' dir='ltr'><strong>has</strong></span> 
     </span>
     <span class='ocr_line' id='line_1_30' title="bbox 172 2979 1295 3046; baseline 0.003 -19"><span class='ocrx_word' id='word_1_276' title='bbox 172 2979 261 3028; x_wconf 82' lang='lat' dir='ltr'><strong>added</strong></span> <span class='ocrx_word' id='word_1_277' title='bbox 276 2983 301 3028; x_wconf 91' lang='lat' dir='ltr'><strong>to</strong></span> <span class='ocrx_word' id='word_1_278' title='bbox 319 2979 361 3028; x_wconf 87' lang='lat' dir='ltr'><strong>the</strong></span> <span class='ocrx_word' id='word_1_279' title='bbox 374 2984 450 3046; x_wconf 69' lang='lat' dir='ltr'><strong>preat</strong></span> <span class='ocrx_word' id='word_1_280' title='bbox 464 2980 567 3044; x_wconf 67' lang='lat' dir='ltr'><strong>putten]</strong></span> <span class='ocrx_word' id='word_1_281' title='bbox 582 2981 612 3043; x_wconf 81' lang='lat' dir='ltr'><strong>of</strong></span> <span class='ocrx_word' id='word_1_282' title='bbox 622 2995 680 3030; x_wconf 84' lang='lat' dir='ltr'><strong>mea</strong></span> <span class='ocrx_word' id='word_1_283' title='bbox 696 2981 750 3029; x_wconf 86' lang='lat' dir='ltr'><strong>aad</strong></span> <span class='ocrx_word' id='word_1_284' title='bbox 764 2994 860 3029; x_wconf 80' lang='lat' dir='ltr'><strong>nonien</strong></span> <span class='ocrx_word' id='word_1_285' title='bbox 876 2979 949 3043; x_wconf 82' lang='lat' dir='ltr'><strong>fitted</strong></span> <span class='ocrx_word' id='word_1_286' title='bbox 964 2980 995 3044; x_wconf 76' lang='lat' dir='ltr'><strong>ty</strong></span> <span class='ocrx_word' id='word_1_287' title='bbox 1011 2980 1053 3029; x_wconf 86' lang='lat' dir='ltr'><strong>the</strong></span> <span class='ocrx_word' id='word_1_288' title='bbox 1064 2981 1236 3045; x_wconf 76' lang='lat' dir='ltr'><strong>inraqinativc</strong></span> <span class='ocrx_word' id='word_1_289' title='bbox 1250 2984 1295 3030; x_wconf 89' lang='lat' dir='ltr'><strong>art</strong></span> 
     </span>
     <span class='ocr_line' id='line_1_31' title="bbox 171 3051 1294 3117; baseline 0.003 -19"><span class='ocrx_word' id='word_1_290' title='bbox 171 3052 204 3113; x_wconf 81' lang='lat' dir='ltr'><strong>os</strong></span> <span class='ocrx_word' id='word_1_291' title='bbox 222 3051 347 3115; x_wconf 75' lang='lat' dir='ltr'><strong>different</strong></span> <span class='ocrx_word' id='word_1_292' title='bbox 366 3053 441 3100; x_wconf 81' lang='lat' dir='ltr'><strong>times</strong></span> <span class='ocrx_word' id='word_1_293' title='bbox 456 3053 511 3102; x_wconf 87' lang='lat' dir='ltr'><strong>and</strong></span> <span class='ocrx_word' id='word_1_294' title='bbox 526 3052 639 3116; x_wconf 75' lang='lat' dir='ltr'><strong>prophe.</strong></span> <span class='ocrx_word' id='word_1_295' title='bbox 665 3052 743 3100; x_wconf 84' lang='lat' dir='ltr'><strong>There</strong></span> <span class='ocrx_word' id='word_1_296' title='bbox 763 3066 809 3100; x_wconf 88' lang='lat' dir='ltr'><strong>are</strong></span> <span class='ocrx_word' id='word_1_297' title='bbox 824 3053 938 3101; x_wconf 81' lang='lat' dir='ltr'><strong>onttines</strong></span> <span class='ocrx_word' id='word_1_298' title='bbox 953 3055 985 3117; x_wconf 78' lang='lat' dir='ltr'><strong>of</strong></span> <span class='ocrx_word' id='word_1_299' title='bbox 1000 3069 1017 3102; x_wconf 85' lang='lat' dir='ltr'><strong>a</strong></span> <span class='ocrx_word' id='word_1_300' title='bbox 1038 3056 1113 3115; x_wconf 70' lang='lat' dir='ltr'><strong>preat</strong></span> <span class='ocrx_word' id='word_1_301' title='bbox 1131 3053 1247 3100; x_wconf 86' lang='lat' dir='ltr'><strong>creation</strong></span> <span class='ocrx_word' id='word_1_302' title='bbox 1267 3053 1294 3101; x_wconf 83' lang='lat' dir='ltr'><strong>in</strong></span> 
     </span>
     <span class='ocr_line' id='line_1_32' title="bbox 172 3122 1292 3187; baseline 0 -16"><span class='ocrx_word' id='word_1_303' title='bbox 172 3123 330 3180; x_wconf 60' lang='lat' dir='ltr'><strong>Mezentius·</strong></span> <span class='ocrx_word' id='word_1_304' title='bbox 347 3123 394 3173; x_wconf 86' lang='lat' dir='ltr'><strong>hat</strong></span> <span class='ocrx_word' id='word_1_305' title='bbox 413 3125 481 3173; x_wconf 82' lang='lat' dir='ltr'><strong>Dido</strong></span> <span class='ocrx_word' id='word_1_306' title='bbox 503 3124 614 3173; x_wconf 86' lang='lat' dir='ltr'><strong>atoneis</strong></span> <span class='ocrx_word' id='word_1_307' title='bbox 635 3139 652 3173; x_wconf 89' lang='grc' dir='ltr'><em>α</em></span> <span class='ocrx_word' id='word_1_308' title='bbox 668 3122 780 3186; x_wconf 72' lang='lat' dir='ltr'><strong>life-lile</strong></span> <span class='ocrx_word' id='word_1_309' title='bbox 795 3123 850 3172; x_wconf 92' lang='lat' dir='ltr'><strong>and</strong></span> <span class='ocrx_word' id='word_1_310' title='bbox 871 3123 1017 3187; x_wconf 83' lang='lat' dir='ltr'><strong>completed</strong></span> <span class='ocrx_word' id='word_1_311' title='bbox 1033 3125 1148 3187; x_wconf 80' lang='lat' dir='ltr'><strong>picture.</strong></span> <span class='ocrx_word' id='word_1_312' title='bbox 1170 3143 1182 3166; x_wconf 87' lang='lat'>»</span> <span class='ocrx_word' id='word_1_313' title='bbox 1198 3123 1234 3172; x_wconf 86' lang='lat' dir='ltr'><strong>Cl.</strong></span> <span class='ocrx_word' id='word_1_314' title='bbox 1250 3138 1292 3181; x_wconf 79' lang='lat' dir='ltr'><strong>in,</strong></span> 
     </span>
     <span class='ocr_line' id='line_1_33' title="bbox 174 3193 1295 3261; baseline 0 -19"><span class='ocrx_word' id='word_1_315' title='bbox 174 3194 223 3244; x_wconf 88' lang='lat' dir='ltr'><strong>The</strong></span> <span class='ocrx_word' id='word_1_316' title='bbox 238 3197 337 3244; x_wconf 83' lang='lat' dir='ltr'><strong>ltornan</strong></span> <span class='ocrx_word' id='word_1_317' title='bbox 348 3200 423 3259; x_wconf 80' lang='lat' dir='ltr'><strong>pects</strong></span> <span class='ocrx_word' id='word_1_318' title='bbox 438 3198 470 3259; x_wconf 82' lang='lat' dir='ltr'><strong>of</strong></span> <span class='ocrx_word' id='word_1_319' title='bbox 480 3199 620 3261; x_wconf 75' lang='lat' dir='ltr'><strong>Aaantan</strong></span> <span class='ocrx_word' id='word_1_320' title='bbox 635 3210 692 3260; x_wconf 69' lang='lat' dir='ltr'><strong>aye,</strong></span> <span class='ocrx_word' id='word_1_321' title='bbox 710 3193 800 3259; x_wconf 74' lang='grc'>116911,</span> <span class='ocrx_word' id='word_1_322' title='bbox 815 3210 839 3257; x_wconf 87' lang='lat' dir='ltr'><strong>p.</strong></span> <span class='ocrx_word' id='word_1_323' title='bbox 853 3193 1003 3257; x_wconf 78' lang='lat' dir='ltr'><strong>693a1iaque</strong></span> <span class='ocrx_word' id='word_1_324' title='bbox 1017 3210 1066 3243; x_wconf 91' lang='lat' dir='ltr'><strong>non</strong></span> <span class='ocrx_word' id='word_1_325' title='bbox 1081 3210 1159 3257; x_wconf 86' lang='lat' dir='ltr'><strong>pauca</strong></span> <span class='ocrx_word' id='word_1_326' title='bbox 1171 3195 1295 3257; x_wconf 75' lang='lat' dir='ltr'><strong>opinionis</strong></span> 
     </span>
     <span class='ocr_line' id='line_1_34' title="bbox 171 3266 1292 3329; baseline 0 -16"><span class='ocrx_word' id='word_1_327' title='bbox 171 3267 280 3328; x_wconf 84' lang='lat' dir='ltr'><strong>ejusdem</strong></span> <span class='ocrx_word' id='word_1_328' title='bbox 305 3268 443 3316; x_wconf 86' lang='lat' dir='ltr'><strong>testimonia</strong></span> <span class='ocrx_word' id='word_1_329' title='bbox 464 3269 530 3329; x_wconf 86' lang='lat' dir='ltr'><strong>apud</strong></span> <span class='ocrx_word' id='word_1_330' title='bbox 553 3268 683 3324; x_wconf 82' lang='lat' dir='ltr'><strong>Fonnmen,</strong></span> <span class='ocrx_word' id='word_1_331' title='bbox 707 3267 732 3314; x_wconf 92' lang='lat' dir='ltr'><strong>in</strong></span> <span class='ocrx_word' id='word_1_332' title='bbox 753 3266 940 3314; x_wconf 83' lang='lat' dir='ltr'><strong>Dissertatione</strong></span> <span class='ocrx_word' id='word_1_333' title='bbox 966 3266 1066 3314; x_wconf 87' lang='lat' dir='ltr'><strong>editioni</strong></span> <span class='ocrx_word' id='word_1_334' title='bbox 1098 3267 1174 3329; x_wconf 88' lang='lat' dir='ltr'><strong>ipsius</strong></span> <span class='ocrx_word' id='word_1_335' title='bbox 1195 3266 1292 3324; x_wconf 84' lang='lat' dir='ltr'><strong>additu,</strong></span> 
     </span>
     <span class='ocr_line' id='line_1_35' title="bbox 171 3335 1293 3400; baseline 0.001 -17"><span class='ocrx_word' id='word_1_336' title='bbox 171 3342 188 3387; x_wconf 87' lang='lat' dir='ltr'><strong>t.</strong></span> <span class='ocrx_word' id='word_1_337' title='bbox 206 3337 245 3395; x_wconf 93' lang='lat' dir='ltr'><strong>lll,</strong></span> <span class='ocrx_word' id='word_1_338' title='bbox 258 3353 281 3400; x_wconf 90' lang='lat' dir='ltr'><strong>p.</strong></span> <span class='ocrx_word' id='word_1_339' title='bbox 293 3353 376 3396; x_wconf 82' lang='lat' dir='ltr'><strong>xxxvi,</strong></span> <span class='ocrx_word' id='word_1_340' title='bbox 389 3338 509 3397; x_wconf 66' lang='grc'>6121161</span> <span class='ocrx_word' id='word_1_341' title='bbox 527 3338 653 3394; x_wconf 68' lang='lat' dir='ltr'><strong>Parietes,</strong></span> <span class='ocrx_word' id='word_1_342' title='bbox 665 3338 689 3385; x_wconf 91' lang='lat' dir='ltr'><strong>iu</strong></span> <span class='ocrx_word' id='word_1_343' title='bbox 700 3337 794 3385; x_wconf 84' lang='lat' dir='ltr'><strong>lnreoe.</strong></span> <span class='ocrx_word' id='word_1_344' title='bbox 805 3337 884 3398; x_wconf 88' lang='lat' dir='ltr'><strong>ipsius</strong></span> <span class='ocrx_word' id='word_1_345' title='bbox 897 3336 1022 3394; x_wconf 84' lang='lat' dir='ltr'><strong>editionis,</strong></span> <span class='ocrx_word' id='word_1_346' title='bbox 1035 3351 1058 3397; x_wconf 90' lang='lat' dir='ltr'><strong>p.</strong></span> <span class='ocrx_word' id='word_1_347' title='bbox 1069 3351 1125 3384; x_wconf 85' lang='lat' dir='ltr'>xxv.</span> <span class='ocrx_word' id='word_1_348' title='bbox 1138 3335 1248 3384; x_wconf 86' lang='lat' dir='ltr'><strong>Citantur</strong></span> <span class='ocrx_word' id='word_1_349' title='bbox 1262 3336 1293 3384; x_wconf 88' lang='lat' dir='ltr'><strong>ab</strong></span> 
     </span>
     <span class='ocr_line' id='line_1_36' title="bbox 169 3405 1298 3471; baseline -0.001 -17"><span class='ocrx_word' id='word_1_350' title='bbox 169 3409 286 3457; x_wconf 87' lang='lat' dir='ltr'><strong>alterutro</strong></span> <span class='ocrx_word' id='word_1_351' title='bbox 301 3409 387 3468; x_wconf 79' lang='lat' dir='ltr'><strong>lineet,</strong></span> <span class='ocrx_word' id='word_1_352' title='bbox 406 3409 518 3467; x_wconf 75' lang='lat' dir='ltr'><strong>thauma,</strong></span> <span class='ocrx_word' id='word_1_353' title='bbox 536 3410 681 3468; x_wconf 80' lang='lat' dir='ltr'><strong>Conenrnua,</strong></span> <span class='ocrx_word' id='word_1_354' title='bbox 699 3428 710 3452; x_wconf 89' lang='lat'>«</span> <span class='ocrx_word' id='word_1_355' title='bbox 727 3407 784 3456; x_wconf 86' lang='lat' dir='ltr'><strong>who</strong></span> <span class='ocrx_word' id='word_1_356' title='bbox 800 3405 880 3455; x_wconf 81' lang='lat' dir='ltr'><strong>asked</strong></span> <span class='ocrx_word' id='word_1_357' title='bbox 895 3407 965 3456; x_wconf 86' lang='lat' dir='ltr'><strong>what</strong></span> <span class='ocrx_word' id='word_1_358' title='bbox 982 3422 1035 3455; x_wconf 80' lang='lat' dir='ltr'><strong>aias</strong></span> <span class='ocrx_word' id='word_1_359' title='bbox 1055 3406 1105 3471; x_wconf 73' lang='lat' dir='ltr'><strong>left</strong></span> <span class='ocrx_word' id='word_1_360' title='bbox 1127 3409 1159 3469; x_wconf 77' lang='lat' dir='ltr'><strong>of</strong></span> <span class='ocrx_word' id='word_1_361' title='bbox 1175 3406 1257 3470; x_wconf 71' lang='lat' dir='ltr'><strong>Virqit</strong></span> <span class='ocrx_word' id='word_1_362' title='bbox 1271 3407 1298 3468; x_wconf 81' lang='lat' dir='ltr'><strong>is</strong></span> 
     </span>
     <span class='ocr_line' id='line_1_37' title="bbox 172 3478 1291 3539; baseline 0 -13"><span class='ocrx_word' id='word_1_363' title='bbox 172 3478 270 3528; x_wconf 79' lang='lat' dir='ltr'><strong>diction</strong></span> <span class='ocrx_word' id='word_1_364' title='bbox 285 3480 340 3528; x_wconf 87' lang='lat' dir='ltr'><strong>und</strong></span> <span class='ocrx_word' id='word_1_365' title='bbox 354 3484 436 3528; x_wconf 83' lang='lat' dir='ltr'><strong>rnetre</strong></span> <span class='ocrx_word' id='word_1_366' title='bbox 450 3496 516 3529; x_wconf 85' lang='lat' dir='ltr'><strong>were</strong></span> <span class='ocrx_word' id='word_1_367' title='bbox 529 3480 656 3538; x_wconf 79' lang='lat' dir='ltr'><strong>reinoned,</strong></span> <span class='ocrx_word' id='word_1_368' title='bbox 674 3499 685 3523; x_wconf 82' lang='lat' dir='ltr'><strong>n</strong></span> <span class='ocrx_word' id='word_1_369' title='bbox 700 3478 827 3539; x_wconf 68' lang='lat' dir='ltr'><strong>Clenna,</strong></span> <span class='ocrx_word' id='word_1_370' title='bbox 845 3479 933 3537; x_wconf 81' lang='lat' dir='ltr'><strong>Kenur,</strong></span> <span class='ocrx_word' id='word_1_371' title='bbox 951 3478 1101 3538; x_wconf 74' lang='grc'>1116666666,</span> <span class='ocrx_word' id='word_1_372' title='bbox 1117 3479 1230 3538; x_wconf 79' lang='lat' dir='ltr'><strong>Bonum,</strong></span> <span class='ocrx_word' id='word_1_373' title='bbox 1244 3480 1291 3527; x_wconf 86' lang='lat' dir='ltr'><strong>etc.</strong></span> 
     </span>
    </p>

    <p class='ocr_par' dir='ltr' id='par_1_8' title="bbox 168 3550 1296 4539">
     <span class='ocr_line' id='line_1_38' title="bbox 205 3550 1292 3614; baseline 0.001 -16"><span class='ocrx_word' id='word_1_374' title='bbox 205 3551 225 3598; x_wconf 96' lang='grc'><strong>1.</strong></span> <span class='ocrx_word' id='word_1_375' title='bbox 243 3550 304 3599; x_wconf 89' lang='lat' dir='ltr'><strong>Vide</strong></span> <span class='ocrx_word' id='word_1_376' title='bbox 326 3552 439 3614; x_wconf 85' lang='lat' dir='ltr'><strong>superius</strong></span> <span class='ocrx_word' id='word_1_377' title='bbox 464 3553 536 3600; x_wconf 84' lang='grc'>611616</span> <span class='ocrx_word' id='word_1_378' title='bbox 555 3565 724 3613; x_wconf 81' lang='lat' dir='ltr'><strong>germanorum</strong></span> <span class='ocrx_word' id='word_1_379' title='bbox 754 3551 972 3612; x_wconf 76' lang='lat' dir='ltr'><strong>britannorumque</strong></span> <span class='ocrx_word' id='word_1_380' title='bbox 991 3550 1169 3613; x_wconf 79' lang='lat' dir='ltr'><strong>philologorum</strong></span> <span class='ocrx_word' id='word_1_381' title='bbox 1187 3550 1292 3611; x_wconf 85' lang='lat' dir='ltr'><strong>judicia.</strong></span> 
     </span>
     <span class='ocr_line' id='line_1_39' title="bbox 172 3619 1293 3685; baseline 0 -17"><span class='ocrx_word' id='word_1_382' title='bbox 172 3620 208 3671; x_wconf 81' lang='lat' dir='ltr'><strong>ct.</strong></span> <span class='ocrx_word' id='word_1_383' title='bbox 224 3622 250 3669; x_wconf 87' lang='lat' dir='ltr'><strong>E.</strong></span> <span class='ocrx_word' id='word_1_384' title='bbox 267 3622 368 3670; x_wconf 83' lang='lat' dir='ltr'><strong>Benoisr</strong></span> <span class='ocrx_word' id='word_1_385' title='bbox 383 3622 494 3684; x_wconf 85' lang='lat' dir='ltr'><strong>(lntrod.</strong></span> <span class='ocrx_word' id='word_1_386' title='bbox 510 3622 542 3671; x_wconf 92' lang='lat' dir='ltr'><strong>dc</strong></span> <span class='ocrx_word' id='word_1_387' title='bbox 557 3621 639 3670; x_wconf 87' lang='lat' dir='ltr'><strong>l&#39;e&#39;dit.</strong></span> <span class='ocrx_word' id='word_1_388' title='bbox 655 3620 686 3669; x_wconf 88' lang='lat' dir='ltr'><strong>dc</strong></span> <span class='ocrx_word' id='word_1_389' title='bbox 700 3620 815 3684; x_wconf 70' lang='grc'>1169116),</span> <span class='ocrx_word' id='word_1_390' title='bbox 835 3634 859 3681; x_wconf 84' lang='lat' dir='ltr'><strong>p.</strong></span> <span class='ocrx_word' id='word_1_391' title='bbox 876 3635 948 3668; x_wconf 78' lang='lat' dir='ltr'><strong>curm</strong></span> <span class='ocrx_word' id='word_1_392' title='bbox 963 3635 968 3667; x_wconf 92' lang='lat'>:</span> <span class='ocrx_word' id='word_1_393' title='bbox 981 3640 992 3664; x_wconf 77' lang='lat' dir='ltr'><strong>a</strong></span> <span class='ocrx_word' id='word_1_394' title='bbox 1010 3620 1034 3667; x_wconf 91' lang='lat' dir='ltr'><strong>n</strong></span> <span class='ocrx_word' id='word_1_395' title='bbox 1048 3624 1086 3669; x_wconf 88' lang='lat' dir='ltr'><strong>est</strong></span> <span class='ocrx_word' id='word_1_396' title='bbox 1101 3621 1159 3669; x_wconf 86' lang='lat' dir='ltr'><strong>urai</strong></span> <span class='ocrx_word' id='word_1_397' title='bbox 1174 3619 1293 3685; x_wconf 66' lang='grc'>6616116-</span> 
     </span>
     <span class='ocr_line' id='line_1_40' title="bbox 171 3691 1290 3756; baseline -0.003 -15"><span class='ocrx_word' id='word_1_398' title='bbox 171 3695 274 3742; x_wconf 79' lang='grc'>6661166</span> <span class='ocrx_word' id='word_1_399' title='bbox 288 3693 355 3742; x_wconf 77' lang='lat' dir='ltr'><strong>darn</strong></span> <span class='ocrx_word' id='word_1_400' title='bbox 368 3693 405 3743; x_wconf 80' lang='lat' dir='ltr'><strong>tes</strong></span> <span class='ocrx_word' id='word_1_401' title='bbox 419 3695 567 3744; x_wconf 77' lang='lat' dir='ltr'><strong>caracteres</strong></span> <span class='ocrx_word' id='word_1_402' title='bbox 582 3696 619 3741; x_wconf 87' lang='lat' dir='ltr'><strong>est</strong></span> <span class='ocrx_word' id='word_1_403' title='bbox 633 3693 763 3741; x_wconf 78' lang='lat' dir='ltr'><strong>rnediocrc</strong></span> <span class='ocrx_word' id='word_1_404' title='bbox 778 3691 837 3740; x_wconf 81' lang='lat' dir='ltr'><strong>che:</strong></span> <span class='ocrx_word' id='word_1_405' title='bbox 858 3692 983 3756; x_wconf 72' lang='lat' dir='ltr'><strong>Virqile...</strong></span> <span class='ocrx_word' id='word_1_406' title='bbox 1002 3711 1013 3735; x_wconf 68' lang='grc' dir='ltr'>υ</span> <span class='ocrx_word' id='word_1_407' title='bbox 1028 3694 1112 3754; x_wconf 87' lang='lat' dir='ltr'><strong>Neque</strong></span> <span class='ocrx_word' id='word_1_408' title='bbox 1127 3692 1182 3740; x_wconf 89' lang='lat' dir='ltr'><strong>aliis</strong></span> <span class='ocrx_word' id='word_1_409' title='bbox 1197 3693 1221 3739; x_wconf 88' lang='lat' dir='ltr'><strong>in</strong></span> <span class='ocrx_word' id='word_1_410' title='bbox 1235 3706 1290 3754; x_wconf 90' lang='lat' dir='ltr'><strong>per-</strong></span> 
     </span>
     <span class='ocr_line' id='line_1_41' title="bbox 172 3763 1292 3829; baseline -0.003 -17"><span class='ocrx_word' id='word_1_411' title='bbox 172 3766 239 3813; x_wconf 84' lang='lat' dir='ltr'><strong>senis</strong></span> <span class='ocrx_word' id='word_1_412' title='bbox 252 3781 316 3814; x_wconf 83' lang='lat' dir='ltr'><strong>nore</strong></span> <span class='ocrx_word' id='word_1_413' title='bbox 332 3768 485 3829; x_wconf 78' lang='lat' dir='ltr'><strong>excogitasse</strong></span> <span class='ocrx_word' id='word_1_414' title='bbox 500 3765 634 3827; x_wconf 81' lang='lat' dir='ltr'><strong>Vergilium</strong></span> <span class='ocrx_word' id='word_1_415' title='bbox 654 3765 810 3812; x_wconf 89' lang='lat' dir='ltr'><strong>doctissimus</strong></span> <span class='ocrx_word' id='word_1_416' title='bbox 826 3764 888 3811; x_wconf 88' lang='lat' dir='ltr'><strong>inter</strong></span> <span class='ocrx_word' id='word_1_417' title='bbox 904 3763 990 3811; x_wconf 86' lang='lat' dir='ltr'><strong>Gallos</strong></span> <span class='ocrx_word' id='word_1_418' title='bbox 1004 3765 1042 3812; x_wconf 91' lang='lat' dir='ltr'><strong>vir</strong></span> <span class='ocrx_word' id='word_1_419' title='bbox 1061 3763 1185 3823; x_wconf 86' lang='lat' dir='ltr'><strong>coneedit,</strong></span> <span class='ocrx_word' id='word_1_420' title='bbox 1205 3763 1251 3810; x_wconf 89' lang='lat' dir='ltr'><strong>nisi</strong></span> <span class='ocrx_word' id='word_1_421' title='bbox 1268 3763 1292 3810; x_wconf 91' lang='lat' dir='ltr'><strong>in</strong></span> 
     </span>
     <span class='ocr_line' id='line_1_42' title="bbox 172 3833 1291 3896; baseline -0.003 -12"><span class='ocrx_word' id='word_1_422' title='bbox 172 3838 280 3894; x_wconf 83' lang='lat' dir='ltr'><strong>Didone,</strong></span> <span class='ocrx_word' id='word_1_423' title='bbox 292 3836 477 3887; x_wconf 84' lang='lat' dir='ltr'><strong>Andromacha</strong></span> <span class='ocrx_word' id='word_1_424' title='bbox 495 3842 518 3885; x_wconf 86' lang='lat' dir='ltr'><strong>ct</strong></span> <span class='ocrx_word' id='word_1_425' title='bbox 534 3833 696 3886; x_wconf 78' lang='grc'>06611116.-</span> <span class='ocrx_word' id='word_1_426' title='bbox 710 3835 821 3883; x_wconf 84' lang='lat' dir='ltr'><strong>Ceterum</strong></span> <span class='ocrx_word' id='word_1_427' title='bbox 838 3835 909 3882; x_wconf 87' lang='lat' dir='ltr'><strong>nohis</strong></span> <span class='ocrx_word' id='word_1_428' title='bbox 923 3836 1002 3882; x_wconf 87' lang='lat' dir='ltr'><strong>obiter</strong></span> <span class='ocrx_word' id='word_1_429' title='bbox 1017 3835 1210 3882; x_wconf 83' lang='lat' dir='ltr'><strong>animadvertere</strong></span> <span class='ocrx_word' id='word_1_430' title='bbox 1225 3835 1291 3896; x_wconf 89' lang='lat' dir='ltr'><strong>lieet,</strong></span> 
     </span>
     <span class='ocr_line' id='line_1_43' title="bbox 168 3905 1285 3970; baseline -0.002 -16"><span class='ocrx_word' id='word_1_431' title='bbox 168 3909 217 3968; x_wconf 83' lang='lat' dir='ltr'><strong>jam</strong></span> <span class='ocrx_word' id='word_1_432' title='bbox 229 3909 292 3970; x_wconf 86' lang='lat' dir='ltr'><strong>apud</strong></span> <span class='ocrx_word' id='word_1_433' title='bbox 309 3923 352 3956; x_wconf 89' lang='lat' dir='ltr'><strong>nos</strong></span> <span class='ocrx_word' id='word_1_434' title='bbox 367 3909 439 3957; x_wconf 84' lang='lat' dir='ltr'><strong>etiem</strong></span> <span class='ocrx_word' id='word_1_435' title='bbox 454 3909 603 3956; x_wconf 86' lang='lat' dir='ltr'><strong>imminutam</strong></span> <span class='ocrx_word' id='word_1_436' title='bbox 622 3907 697 3954; x_wconf 87' lang='lat' dir='ltr'><strong>luisse</strong></span> <span class='ocrx_word' id='word_1_437' title='bbox 712 3906 738 3952; x_wconf 92' lang='lat' dir='ltr'><strong>in</strong></span> <span class='ocrx_word' id='word_1_438' title='bbox 751 3911 836 3954; x_wconf 84' lang='lat' dir='ltr'><strong>octavo</strong></span> <span class='ocrx_word' id='word_1_439' title='bbox 852 3906 946 3954; x_wconf 89' lang='lat' dir='ltr'><strong>decimo</strong></span> <span class='ocrx_word' id='word_1_440' title='bbox 957 3906 1055 3954; x_wconf 87' lang='lat' dir='ltr'><strong>saeculo</strong></span> <span class='ocrx_word' id='word_1_441' title='bbox 1072 3905 1172 3967; x_wconf 76' lang='lat' dir='ltr'><strong>Vergilii</strong></span> <span class='ocrx_word' id='word_1_442' title='bbox 1185 3905 1285 3953; x_wconf 84' lang='lat' dir='ltr'><strong>admira-</strong></span> 
     </span>
     <span class='ocr_line' id='line_1_44' title="bbox 171 3976 1289 4042; baseline -0.004 -16"><span class='ocrx_word' id='word_1_443' title='bbox 171 3980 269 4030; x_wconf 89' lang='lat' dir='ltr'><strong>tionem.</strong></span> <span class='ocrx_word' id='word_1_444' title='bbox 294 3981 328 4028; x_wconf 85' lang='lat' dir='ltr'><strong>De</strong></span> <span class='ocrx_word' id='word_1_445' title='bbox 351 3994 399 4042; x_wconf 93' lang='lat' dir='ltr'><strong>quo</strong></span> <span class='ocrx_word' id='word_1_446' title='bbox 423 3980 479 4028; x_wconf 88' lang='lat' dir='ltr'><strong>vide</strong></span> <span class='ocrx_word' id='word_1_447' title='bbox 498 3980 532 4027; x_wconf 74' lang='lat' dir='ltr'><strong>Li</strong></span> <span class='ocrx_word' id='word_1_448' title='bbox 553 3980 644 4037; x_wconf 75' lang='grc'>116666,</span> <span class='ocrx_word' id='word_1_449' title='bbox 662 3977 743 4026; x_wconf 82' lang='lat' dir='ltr'><strong>Coars</strong></span> <span class='ocrx_word' id='word_1_450' title='bbox 757 3976 789 4025; x_wconf 88' lang='lat' dir='ltr'><strong>de</strong></span> <span class='ocrx_word' id='word_1_451' title='bbox 808 3978 982 4036; x_wconf 71' lang='lat' dir='ltr'><strong>attractare,</strong></span> <span class='ocrx_word' id='word_1_452' title='bbox 1000 3978 1015 4024; x_wconf 90' lang='grc'><strong>1.</strong></span> <span class='ocrx_word' id='word_1_453' title='bbox 1034 3977 1054 4035; x_wconf 93' lang='grc'><strong>1,</strong></span> <span class='ocrx_word' id='word_1_454' title='bbox 1076 3977 1114 4025; x_wconf 89' lang='lat' dir='ltr'><strong>ch.</strong></span> <span class='ocrx_word' id='word_1_455' title='bbox 1133 3992 1166 4037; x_wconf 86' lang='lat' dir='ltr'><strong>iv,</strong></span> <span class='ocrx_word' id='word_1_456' title='bbox 1185 3981 1245 4024; x_wconf 84' lang='lat' dir='ltr'><strong>secl.</strong></span> <span class='ocrx_word' id='word_1_457' title='bbox 1267 3976 1289 4023; x_wconf 80' lang='lat'><strong>2.</strong></span> 
     </span>
     <span class='ocr_line' id='line_1_45' title="bbox 172 4047 1296 4112; baseline -0.002 -14"><span class='ocrx_word' id='word_1_458' title='bbox 172 4070 183 4093; x_wconf 77' lang='lat' dir='ltr'><strong>u</strong></span> <span class='ocrx_word' id='word_1_459' title='bbox 202 4052 271 4099; x_wconf 80' lang='lat' dir='ltr'><strong>l’onr</strong></span> <span class='ocrx_word' id='word_1_460' title='bbox 285 4050 450 4108; x_wconf 77' lang='lat' dir='ltr'><strong>t’ineention,</strong></span> <span class='ocrx_word' id='word_1_461' title='bbox 466 4051 502 4098; x_wconf 87' lang='lat' dir='ltr'><strong>les</strong></span> <span class='ocrx_word' id='word_1_462' title='bbox 518 4051 654 4098; x_wconf 73' lang='lat' dir='ltr'><strong>caracteres</strong></span> <span class='ocrx_word' id='word_1_463' title='bbox 671 4051 695 4098; x_wconf 88' lang='lat' dir='ltr'><strong>ct</strong></span> <span class='ocrx_word' id='word_1_464' title='bbox 712 4047 734 4096; x_wconf 90' lang='grc'><strong>16</strong></span> <span class='ocrx_word' id='word_1_465' title='bbox 749 4047 827 4112; x_wconf 77' lang='lat' dir='ltr'><strong>plan,</strong></span> <span class='ocrx_word' id='word_1_466' title='bbox 846 4047 1002 4097; x_wconf 83' lang='lat' dir='ltr'><strong>l&#39;irnitutenr</strong></span> <span class='ocrx_word' id='word_1_467' title='bbox 1021 4048 1155 4097; x_wconf 75' lang='lat' dir='ltr'><strong>d&#39;llornere</strong></span> <span class='ocrx_word' id='word_1_468' title='bbox 1173 4050 1211 4096; x_wconf 84' lang='lat' dir='ltr'><strong>est</strong></span> <span class='ocrx_word' id='word_1_469' title='bbox 1225 4050 1296 4096; x_wconf 71' lang='lat' dir='ltr'><strong>ruste</strong></span> 
     </span>
     <span class='ocr_line' id='line_1_46' title="bbox 172 4117 1292 4184; baseline -0.001 -16"><span class='ocrx_word' id='word_1_470' title='bbox 172 4120 228 4170; x_wconf 90' lang='lat' dir='ltr'><strong>ln&#39;en</strong></span> <span class='ocrx_word' id='word_1_471' title='bbox 243 4123 400 4171; x_wconf 79' lang='lat' dir='ltr'><strong>nrt-dessous</strong></span> <span class='ocrx_word' id='word_1_472' title='bbox 416 4122 448 4170; x_wconf 87' lang='lat' dir='ltr'><strong>de</strong></span> <span class='ocrx_word' id='word_1_473' title='bbox 464 4120 531 4172; x_wconf 84' lang='lat' dir='ltr'><strong>hn‘...</strong></span> <span class='ocrx_word' id='word_1_474' title='bbox 550 4121 582 4170; x_wconf 82' lang='lat' dir='ltr'><strong>Ge</strong></span> <span class='ocrx_word' id='word_1_475' title='bbox 601 4121 648 4184; x_wconf 82' lang='lat' dir='ltr'><strong>qni</strong></span> <span class='ocrx_word' id='word_1_476' title='bbox 665 4120 720 4183; x_wconf 79' lang='lat' dir='ltr'><strong>fait</strong></span> <span class='ocrx_word' id='word_1_477' title='bbox 739 4133 776 4167; x_wconf 84' lang='lat' dir='ltr'><strong>nn</strong></span> <span class='ocrx_word' id='word_1_478' title='bbox 792 4118 860 4167; x_wconf 88' lang='lat' dir='ltr'><strong>total</strong></span> <span class='ocrx_word' id='word_1_479' title='bbox 875 4117 1292 4182; x_wconf 59' lang='grc'>1666666166(1611161166661</span> 
     </span>
     <span class='ocr_line' id='line_1_47' title="bbox 172 4190 1292 4256; baseline -0.001 -16"><span class='ocrx_word' id='word_1_480' title='bbox 172 4192 199 4240; x_wconf 87' lang='lat' dir='ltr'><strong>la</strong></span> <span class='ocrx_word' id='word_1_481' title='bbox 216 4195 361 4256; x_wconf 78' lang='lat' dir='ltr'><strong>perfectiori</strong></span> <span class='ocrx_word' id='word_1_482' title='bbox 378 4194 502 4242; x_wconf 82' lang='lat' dir='ltr'><strong>cortinae</strong></span> <span class='ocrx_word' id='word_1_483' title='bbox 524 4193 562 4240; x_wconf 91' lang='lat' dir='ltr'><strong>dn</strong></span> <span class='ocrx_word' id='word_1_484' title='bbox 578 4193 647 4255; x_wconf 74' lang='lat' dir='ltr'><strong>style</strong></span> <span class='ocrx_word' id='word_1_485' title='bbox 663 4207 691 4252; x_wconf 77' lang='lat'><strong>»3</strong></span> <span class='ocrx_word' id='word_1_486' title='bbox 707 4218 737 4227; x_wconf 90' lang='lat'>-</span> <span class='ocrx_word' id='word_1_487' title='bbox 754 4190 884 4251; x_wconf 79' lang='lat' dir='ltr'><strong>Voermue,</strong></span> <span class='ocrx_word' id='word_1_488' title='bbox 900 4192 975 4239; x_wconf 78' lang='grc'>116661</span> <span class='ocrx_word' id='word_1_489' title='bbox 988 4206 1033 4240; x_wconf 86' lang='lat' dir='ltr'><strong>sur</strong></span> <span class='ocrx_word' id='word_1_490' title='bbox 1053 4191 1078 4239; x_wconf 91' lang='grc'><strong>16</strong></span> <span class='ocrx_word' id='word_1_491' title='bbox 1094 4191 1184 4239; x_wconf 74' lang='lat' dir='ltr'><strong>t’o&#39;ernc</strong></span> <span class='ocrx_word' id='word_1_492' title='bbox 1198 4191 1292 4254; x_wconf 79' lang='lat' dir='ltr'><strong>epiqne</strong></span> 
     </span>
     <span class='ocr_line' id='line_1_48' title="bbox 172 4262 1291 4328; baseline -0.001 -17"><span class='ocrx_word' id='word_1_493' title='bbox 172 4263 261 4327; x_wconf 79' lang='grc'>(1133),</span> <span class='ocrx_word' id='word_1_494' title='bbox 278 4266 444 4328; x_wconf 80' lang='lat' dir='ltr'><strong>imprImisque</strong></span> <span class='ocrx_word' id='word_1_495' title='bbox 462 4263 579 4313; x_wconf 84' lang='lat' dir='ltr'><strong>Candide</strong></span> <span class='ocrx_word' id='word_1_496' title='bbox 599 4263 688 4326; x_wconf 74' lang='grc'>(1159),</span> <span class='ocrx_word' id='word_1_497' title='bbox 705 4263 743 4312; x_wconf 90' lang='lat' dir='ltr'><strong>eh.</strong></span> <span class='ocrx_word' id='word_1_498' title='bbox 762 4277 821 4320; x_wconf 82' lang='lat' dir='ltr'>xxv,</span> <span class='ocrx_word' id='word_1_499' title='bbox 838 4263 878 4310; x_wconf 87' lang='lat' dir='ltr'><strong>uhi</strong></span> <span class='ocrx_word' id='word_1_500' title='bbox 892 4264 1001 4324; x_wconf 83' lang='lat' dir='ltr'><strong>carpitur</strong></span> <span class='ocrx_word' id='word_1_501' title='bbox 1018 4262 1138 4324; x_wconf 81' lang='lat' dir='ltr'><strong>Vergilius</strong></span> <span class='ocrx_word' id='word_1_502' title='bbox 1155 4263 1219 4324; x_wconf 80' lang='lat' dir='ltr'><strong>quini</strong></span> <span class='ocrx_word' id='word_1_503' title='bbox 1235 4277 1291 4323; x_wconf 88' lang='lat' dir='ltr'><strong>per-</strong></span> 
     </span>
     <span class='ocr_line' id='line_1_49' title="bbox 172 4330 1289 4398; baseline -0.002 -16"><span class='ocrx_word' id='word_1_504' title='bbox 172 4350 244 4383; x_wconf 84' lang='lat' dir='ltr'><strong>souns</strong></span> <span class='ocrx_word' id='word_1_505' title='bbox 258 4351 304 4383; x_wconf 90' lang='lat' dir='ltr'><strong>non</strong></span> <span class='ocrx_word' id='word_1_506' title='bbox 321 4337 381 4384; x_wconf 86' lang='lat' dir='ltr'><strong>satis</strong></span> <span class='ocrx_word' id='word_1_507' title='bbox 395 4337 464 4385; x_wconf 86' lang='lat' dir='ltr'><strong>vivas</strong></span> <span class='ocrx_word' id='word_1_508' title='bbox 479 4337 633 4393; x_wconf 78' lang='lat' dir='ltr'><strong>confinxerit,</strong></span> <span class='ocrx_word' id='word_1_509' title='bbox 649 4335 753 4396; x_wconf 87' lang='lat' dir='ltr'><strong>exempli</strong></span> <span class='ocrx_word' id='word_1_510' title='bbox 769 4334 848 4395; x_wconf 83' lang='lat' dir='ltr'><strong>gratia</strong></span> <span class='ocrx_word' id='word_1_511' title='bbox 864 4353 875 4377; x_wconf 90' lang='lat'>«</span> <span class='ocrx_word' id='word_1_512' title='bbox 891 4332 918 4382; x_wconf 85' lang='grc'><strong>16</strong></span> <span class='ocrx_word' id='word_1_513' title='bbox 938 4333 1085 4398; x_wconf 73' lang='lat' dir='ltr'><strong>honrpcoisc</strong></span> <span class='ocrx_word' id='word_1_514' title='bbox 1100 4333 1210 4390; x_wconf 68' lang='lat' dir='ltr'><strong>rlntuta,</strong></span> <span class='ocrx_word' id='word_1_515' title='bbox 1227 4330 1289 4380; x_wconf 85' lang='lat' dir='ltr'><strong>l&#39;tn-</strong></span> 
     </span>
     <span class='ocr_line' id='line_1_50' title="bbox 171 4402 1289 4468; baseline -0.002 -16"><span class='ocrx_word' id='word_1_516' title='bbox 171 4407 254 4468; x_wconf 83' lang='lat' dir='ltr'><strong>sipide</strong></span> <span class='ocrx_word' id='word_1_517' title='bbox 275 4402 408 4463; x_wconf 81' lang='lat' dir='ltr'><strong>Lauinia;</strong></span> <span class='ocrx_word' id='word_1_518' title='bbox 429 4425 440 4451; x_wconf 84' lang='lat' dir='ltr'><strong>n</strong></span> <span class='ocrx_word' id='word_1_519' title='bbox 470 4435 499 4444; x_wconf 90' lang='lat'><em>-</em></span> <span class='ocrx_word' id='word_1_520' title='bbox 519 4407 733 4463; x_wconf 75' lang='lat' dir='ltr'><strong>Camunnorum,</strong></span> <span class='ocrx_word' id='word_1_521' title='bbox 759 4405 836 4454; x_wconf 79' lang='lat' dir='ltr'><strong>thie</strong></span> <span class='ocrx_word' id='word_1_522' title='bbox 860 4404 896 4453; x_wconf 86' lang='lat' dir='ltr'><strong>dn</strong></span> <span class='ocrx_word' id='word_1_523' title='bbox 921 4404 1131 4461; x_wconf 65' lang='lat' dir='ltr'><strong>Clnistiarnlsnie,</strong></span> <span class='ocrx_word' id='word_1_524' title='bbox 1160 4410 1223 4466; x_wconf 85' lang='lat' dir='ltr'><strong>part.</strong></span> <span class='ocrx_word' id='word_1_525' title='bbox 1255 4404 1289 4460; x_wconf 87' lang='lat' dir='ltr'><strong>ll,</strong></span> 
     </span>
     <span class='ocr_line' id='line_1_51' title="bbox 173 4476 419 4539; baseline 0.016 -16"><span class='ocrx_word' id='word_1_526' title='bbox 173 4478 188 4524; x_wconf 94' lang='grc'><strong>1.</strong></span> <span class='ocrx_word' id='word_1_527' title='bbox 206 4476 234 4537; x_wconf 91' lang='lat' dir='ltr'><strong>ll,</strong></span> <span class='ocrx_word' id='word_1_528' title='bbox 249 4483 309 4529; x_wconf 88' lang='lat' dir='ltr'><strong>sect.</strong></span> <span class='ocrx_word' id='word_1_529' title='bbox 325 4493 355 4539; x_wconf 84' lang='lat' dir='ltr'><strong>x;</strong></span> <span class='ocrx_word' id='word_1_530' title='bbox 372 4483 419 4527; x_wconf 84' lang='lat' dir='ltr'><strong>etc.</strong></span> 
     </span>
    </p>
   </div>
   <div class='ocr_carea' id='block_1_6' title="bbox 0 0 1474 5076">
    <p class='ocr_par' dir='ltr' id='par_1_9' title="bbox 0 0 1474 5076">
     <span class='ocr_line' id='line_1_52' title="bbox 0 0 1474 5076; baseline 0 1"><span class='ocrx_word' id='word_1_531' title='bbox 0 0 1474 5076; x_wconf 95' lang='lat' dir='ltr'><strong> </strong></span> 
     </span>
    </p>
   </div>
  </div>
 </body>
</html>
