2940 5076
546 322 644 370 aaran
669 322 818 370 annuum.
1201 297 1242 365 81

126 501 193 568 sihi
220 499 303 566 velit
329 497 425 586 infigi
450 498 648 588 opinionem
675 497 783 580 illam,
814 497 1047 565 discessurum
1071 492 1245 584 quondam

123 608 279 675 Aeneam
298 629 337 674 ac
359 634 375 668 «
396 604 608 696 rumpendos
631 632 647 666 »
669 627 743 671 esse
766 632 781 666 «
805 608 915 670 tantos
931 624 1088 685 amores;
1111 632 1126 664 »
1148 602 1246 692 quasi

124 713 298 782 retardata
325 714 537 781 minueretur
560 714 745 779 aerumna¹
771 716 998 803 speratusque
1021 710 1120 777 dolor
1141 709 1247 776 hebe-

124 823 192 890 tior
209 821 308 890 fieret
322 821 344 888 ².

172 1062 280 1145 Quale
301 1066 416 1128 autem
435 1085 556 1129 revera
576 1084 685 1149 genus
712 1065 766 1146 sit,
789 1061 900 1152 qualis
919 1061 1052 1145 intima,
1074 1065 1113 1126 ut
1131 1061 1179 1127 ita
1198 1060 1248 1127 di-

125 1192 213 1254 cam,
242 1169 317 1257 ejus
345 1168 474 1236 doloris
498 1174 632 1247 natura,
660 1193 728 1260 quo
755 1169 976 1261 proficiscens
1005 1190 1081 1235 eam
1112 1167 1247 1235 Aeneas

124 1277 308 1345 effecturus
336 1276 390 1359 sit,
419 1275 507 1343 illud
531 1299 669 1367 quoque
693 1279 779 1344 mire
803 1276 979 1366 perspexit
995 1275 1247 1343 eruditissimus

124 1386 318 1452 animorum
343 1385 573 1451 humanorum
596 1385 780 1471 indagator
798 1383 983 1470 Vergilius.
1012 1383 1159 1474 Propter
1181 1383 1247 1450 hoc

124 1493 216 1560 enim
240 1491 306 1559 sibi
325 1492 520 1560 necessario
543 1484 776 1579 abjiciindam
803 1514 877 1558 esse
897 1491 1002 1557 vitam
1022 1490 1110 1557 Dido
1131 1492 1243 1572 sentit,

123 1601 205 1690 quia
222 1597 438 1666 solitudinem
457 1599 585 1665 horret.
617 1599 749 1689 Nempe
770 1604 804 1666 et
823 1599 974 1688 aliquem
1003 1620 1118 1664 amare
1143 1602 1177 1664 et
1203 1599 1246 1664 ab

124 1709 240 1798 aliquo
259 1707 366 1773 amari
387 1705 512 1772 Didoni
532 1729 619 1797 opus
647 1728 721 1773 esse
738 1707 813 1793 jam
834 1707 929 1796 prius
949 1706 1156 1796 praemoniti
1179 1706 1246 1772 fui-

123 1837 218 1896 mus,
239 1837 352 1904 neque
372 1814 404 1880 ei
423 1815 551 1880 sororis
571 1814 727 1882 sulficere
747 1815 957 1882 amicitiam:
980 1813 1245 1903 quodquidam,

124 1944 165 1990 eo
185 1945 253 2012 quo
272 1921 393 1988 Annae
412 1920 562 1988 indolem
583 1923 783 1989 informavit
802 1921 925 2003 mode,
947 1921 1125 2012 praeclare
1148 1921 1248 1988 intel-

124 2030 251 2097 lectum
271 2027 371 2097 nobis
390 2030 472 2096 facit
493 2028 676 2116 Vergiliae.

169 2136 382 2204 Adveniente
402 2137 508 2223 igitur
526 2137 656 2219 Aenea,
671 2138 851 2227 praecipiti
869 2136 1019 2227 quodam
1039 2136 1171 2225 impetu
1187 2135 1247 2202 ob-

125 2245 217 2311 viam
237 2244 363 2334 placito
382 2243 536 2311 advenae
557 2266 631 2310 sese
646 2244 736 2326 tulit,
759 2248 891 2311 etcum
911 2243 1062 2333 quadam
1082 2243 1246 2310 effusione

126 2352 191 2429 sui,
215 2377 231 2412 a
252 2350 339 2417 nihil
359 2351 520 2440 sibiipsa
540 2351 686 2420 miserae
714 2351 865 2441 reliquit,
883 2379 899 2413 u
922 2351 1086 2418 exstineto
1099 2349 1244 2440 pudore,

127 2456 326 2525 conculcata
343 2457 446 2539 fama,
466 2457 632 2544 neglectis
651 2458 751 2545 regni
769 2458 905 2525 officiis.
922 2511 950 2525 ..
985 2455 1029 2524 Se
1059 2478 1189 2546 suaque
1216 2457 1248 2523 ei

127 2565 242 2632 omnia
263 2563 433 2647 ducenda,
454 2564 670 2655 imperanda,
688 2564 850 2631 habenda
871 2563 1015 2631 dedidit.
1047 2563 1145 2629 Nunc
1164 2585 1247 2631 vero

127 2694 205 2738 cum
223 2673 291 2738 ista
309 2673 425 2738 omnia
442 2672 501 2738 ille
523 2671 596 2759 jam
624 2672 755 2738 habere
786 2673 884 2754 nolit,
906 2672 1023 2762 priore
1052 2671 1134 2737 olim
1160 2670 1250 2737 Dido

128 2801 244 2846 amore
264 2778 410 2869 decepta
430 2780 538 2845 altero
558 2781 682 2845 iterum
704 2779 886 2869 decipitur,
907 2777 1047 2868 solaque
1072 2799 1191 2844 rursus
1214 2778 1251 2844 in

127 2908 164 2953 se
183 2888 293 2976 ipsam
309 2886 475 2976 postridie
504 2886 647 2954 recidet.
678 2886 780 2968 Quod
799 2891 915 2953 autem
941 2885 1028 2952 adeo
1050 2884 1252 2952 reformidat

126 2994 252 3060 mulier
270 2993 420 3061 imbellis
432 2990 454 3076 ³,
477 2999 515 3060 ut
533 3016 576 3089 ne
592 3015 661 3060 uno
681 2992 821 3084 quidem
835 2998 1009 3060 momento
1029 2993 1145 3060 veniat
1165 2993 1196 3059 ei
1215 2993 1251 3059 in

128 3262 315 3312 existimandum
330 3263 371 3314 sit.
387 3261 423 3311 lta
437 3262 501 3310 enim
516 3261 618 3310 Scaurus
634 3276 640 3310 :
657 3282 669 3306 «
687 3261 765 3310 inune
781 3275 790 3308 :
811 3261 863 3310 sine
878 3261 959 3310 cilicio
974 3259 1107 3318 coeeundi,
1125 3278 1137 3303 »
1154 3259 1193 3307 vel
1208 3274 1254 3308 ve·

128 3334 260 3384 recundius
284 3333 448 3382 Wurommcu
469 3347 474 3380 :
501 3353 513 3377 a
539 3334 654 3397 (tempus)
676 3347 724 3395 quo
746 3333 838 3381 nullum
863 3332 952 3381 amoris
974 3332 1144 3380 commercium
1166 3331 1251 3394 regina

129 3409 233 3468 expetet.
251 3423 262 3449 n
281 3404 385 3453 Tametsi
401 3405 447 3452 iste
466 3417 554 3452 sensns
574 3404 768 3466 supplementum
787 3403 908 3466 quoddam
928 3403 1081 3467 probationis
1100 3402 1157 3450 huic
1176 3402 1250 3464 hujus

129 3476 310 3528 dissertationis
330 3476 392 3538 parti
408 3475 533 3524 adlaturus
548 3476 593 3533 sit,
608 3479 689 3523 tamen
703 3476 822 3539 potiorem
842 3488 932 3537 sequor
946 3474 1059 3537 anonymi
1078 3477 1223 3522 commentat
1240 3501 1250 3510 -

129 3549 164 3599 ris
178 3547 243 3611 apud
258 3547 363 3596 Ssavrun
382 3547 576 3609 explanationem
594 3563 599 3595 z
616 3566 628 3591 α
642 3551 737 3609 tempus
752 3561 799 3609 quo
814 3561 906 3595 vacuus
926 3550 951 3595 et
964 3547 1058 3594 otiosus
1075 3564 1087 3589 a
1101 3545 1197 3594 Aeneas
1213 3545 1251 3593 iu-

128 3625 199 3670 turus
214 3623 258 3669 est.
275 3619 320 3667 Vel
339 3618 410 3668 etiam
425 3619 496 3667 istam
516 3633 522 3667 z
544 3638 556 3664 «
573 3622 669 3681 tempus
688 3618 801 3680 inane‚...
818 3619 888 3682 quasi
907 3632 956 3666 non
970 3631 1085 3680 magnam
1105 3631 1165 3667 rem.
1185 3636 1197 3660 »
1212 3617 1249 3666 Cl.

130 3691 279 3751 Genumana,
298 3689 547 3750 Lacrima-Sumam,
567 3690 677 3751 Karena,
699 3690 819 3739 Fcaaroea
841 3704 846 3738 ς
873 3709 884 3733 u
905 3689 1011 3752 Tempus
1030 3689 1107 3737 irione
1129 3691 1179 3747 est,
1203 3702 1251 3751 quo

130 3762 189 3812 nihil
208 3763 297 3824 agitem.
316 3780 327 3806 n
407 3805 409 3810 .

162 3834 184 3884 l.
203 3833 425 3895 si00u0.‚1rer.,
441 3833 493 3893 vll,
511 3833 577 3883 179:

549 3977 608 4021 Dum
619 3983 719 4032 tempore
733 3983 755 4021 et
767 3991 810 4023 usa

476 4040 562 4084 fortiter
573 4040 648 4084 edisco
661 4041 735 4085 tristia
750 4053 815 4096 posse
825 4042 881 4096 pati.

162 4176 185 4226 2.
204 4175 323 4234 Quantum
335 4175 415 4225 adhuc
430 4176 501 4224 etiam
511 4175 574 4225 Dido
584 4176 690 4224 Aeneam
707 4175 802 4237 diligat,
813 4175 934 4238 Vergilius
946 4190 986 4225 vv.
997 4174 1044 4224 309
1058 4188 1122 4237 sqq„
1138 4173 1184 4223 429
1195 4187 1248 4235 sqq.

131 4247 260 4310 significat.
276 4247 319 4295 Bis
334 4247 462 4309 repetitum
481 4245 547 4294 istud
562 4245 712 4295 demonstrat
734 4261 782 4294 non
797 4246 878 4294 lictum
893 4259 948 4294 esse
962 4246 1072 4294 timorem
1090 4259 1161 4308 quem
1176 4256 1250 4305 snper

131 4317 222 4375 Aenea,
239 4315 282 4366 illa
295 4318 352 4365 anni
366 4320 508 4378 tempestate
519 4317 665 4378 profecturo,
681 4318 809 4378 concipere
823 4331 849 4363 se
861 4316 925 4364 Dida
942 4317 1061 4364 adfirmat.

163 4387 186 4436 3.
204 4387 233 4436 Ci
247 4388 288 4449 IV,
303 4388 348 4437 451
367 4403 372 4436 :
390 4386 478 4435 taedet
492 4387 553 4436 coeli
569 4400 677 4436 convexa
693 4388 754 4436 tueri
769 4415 800 4424 -
814 4391 839 4436 et
852 4386 898 4436 450
918 4402 924 4436 :
944 4387 1011 4450 fotis
1031 4386 1159 4435 exterrito
1174 4384 1247 4435 Dido.

133 4485 163 4499 -
177 4458 221 4510 Bis
235 4474 262 4508 ee
276 4461 307 4509 ab
323 4464 401 4511 amato
415 4459 469 4511 viro
483 4459 623 4510 derelictam
637 4458 717 4519 videt,
731 4463 755 4511 et
769 4459 899 4511 instantem
914 4459 1026 4519 eandem,
1037 4472 1109 4524 quarn
1120 4458 1170 4522 jam
1179 4456 1249 4520 prim
