2940 5076
572 552 903 641 CONCLUSIO

221 1033 316 1114 Quae
336 1035 442 1121 igitur
461 1058 501 1100 ex
520 1035 585 1101 hac
609 1035 872 1122 investigatione
896 1035 975 1121 jure
1007 1034 1104 1122 sequi
1133 1034 1218 1100 mihi
1243 1034 1295 1100 vi-

174 1142 312 1225 dentur,
334 1143 394 1208 illa
414 1148 492 1209 sunt
513 1161 520 1209 τ

727 1285 743 1351 Ι

223 1481 340 1548 Primo
357 1479 397 1548 de
416 1479 657 1548 Andromacha
677 1493 710 1547 ct
730 1480 770 1548 dc
787 1479 933 1564 Didone,
953 1480 1080 1546 falsum
1100 1484 1151 1546 est
1169 1480 1205 1546 in
1224 1481 1296 1547 istis

176 1589 334 1678 personis
354 1588 580 1654 informandis
603 1587 795 1674 Vergilium
815 1611 835 1653 a
858 1588 1032 1678 prioribus
1057 1587 1168 1677 poetis
1188 1587 1297 1677 pluri-

176 1716 273 1760 mum
303 1693 460 1780 adjutum
490 1693 607 1760 fuisse.
640 1693 801 1784 Iniquum
835 1699 887 1760 est
914 1694 1001 1760 illud
1030 1694 1217 1760 multorum
1247 1693 1298 1759 rei

175 1802 364 1869 litterariae
394 1802 592 1868 criticorum
617 1801 808 1885 silentium,
830 1802 891 1892 qui
908 1800 1135 1888 vergilianam
1164 1800 1298 1867 Andro-

176 1908 336 1976 macham
355 1910 454 1999 parvi
473 1909 586 1974 lacere
607 1909 784 1992 videntur,
806 1909 905 1998 quasi
924 1909 1135 1975 homericam
1155 1913 1189 1974 et
1206 1909 1299 1974 euri·

177 2015 316 2105 pidcam
335 2016 462 2082 latinus
490 2021 593 2105 poeta
616 2017 650 2081 in
684 2038 787 2082 unam
813 2037 998 2106 personam
1032 2016 1181 2083 conflare
1216 2016 1298 2084 satis

177 2120 348 2189 habuerit.
366 2122 521 2210 lniquior
541 2122 643 2188 etiam
662 2123 723 2189 illa
742 2122 784 2188 de
805 2122 939 2189 Didone
959 2122 1205 2212 plerorumque
1224 2121 1299 2211 phi·

176 2229 372 2315 lologorum
386 2229 513 2318 opinio,
524 2269 568 2279 —
579 2230 613 2294 in
629 2230 761 2296 animos
776 2236 891 2297 tamen
904 2229 1136 2297 studiosorum
1151 2228 1300 2296 deducta

177 2341 211 2402 et
229 2336 333 2402 infixa
356 2359 420 2425 per
447 2337 548 2402 istam
569 2343 773 2426 perpetuam
795 2364 810 2398 a
832 2336 980 2423 Vergilii
998 2336 1145 2402 fontium
1168 2364 1184 2398 »
1207 2357 1299 2402 com-

175 2444 460 2509 memorationem
476 2466 545 2532 qua
555 2444 764 2509 recentiores
775 2444 981 2534 praesertim
992 2443 1161 2509 editiones
1172 2441 1298 2509 redun-

161 2550 259 2617 ¹dant
280 2572 288 2618 :
310 2590 354 2600 —
372 2572 497 2640 nempe
517 2548 687 2617 Didonem
708 2574 726 2617 e
745 2550 891 2641 direptis
911 2550 1120 2640 Euripideae
1141 2555 1174 2616 et
1192 2549 1299 2639 Apol-

173 2658 332 2724 lonianae
352 2657 510 2736 Medeae,
533 2664 592 2724 aut
611 2656 825 2725 Catullianae
850 2658 1022 2724 Ariadnae
1048 2657 1213 2725 membris
1239 2681 1298 2725 ve-

174 2765 239 2830 luti
258 2770 437 2831 consutam
456 2786 534 2831 cum
554 2765 686 2850 majore
705 2766 875 2832 industria
894 2787 998 2855 quam
1017 2765 1157 2851 ingenio
1174 2765 1293 2831 fuisse.

220 2870 326 2940 Nobis
354 2876 473 2937 contra
497 2871 651 2957 singulas
677 2871 893 2958 Vergilianae
919 2871 1159 2960 descriptionis
1179 2870 1222 2937 de
1240 2871 1295 2939 his

175 2978 380 3044 mulieribus
395 2983 522 3068 partes,
545 2979 627 3067 quin
649 2980 751 3045 etiam
766 2979 967 3069 particulam,
989 2978 1174 3064 diligenter
1192 3001 1295 3045 excu-

174 3085 338 3151 tientibus
359 3086 519 3175 apparuit
546 3085 710 3151 nonnulla
736 3086 891 3175 profecto
918 3085 1113 3172 Vergilium
1137 3109 1177 3151 cx
1201 3090 1295 3152 ante-

174 3193 370 3259 cessoribus
386 3193 632 3282 desumpsisse,
649 3193 711 3259 sed
723 3194 770 3259 ita
787 3198 825 3260 ut
842 3194 951 3261 multa
967 3193 1167 3282 repudiaret
1182 3216 1221 3260 ex
1236 3194 1290 3275 iis,

173 3300 283 3365 multa
299 3321 430 3381 rursus,
449 3339 493 3349 -
511 3305 545 3366 et
563 3301 622 3366 illa
641 3301 783 3389 quidem
804 3301 922 3388 magni
943 3300 1057 3391 pretii,
1076 3340 1118 3348 -
1136 3298 1290 3367 adderet.

218 3407 342 3491 Multa,
373 3408 535 3497 inquam,
567 3407 739 3497 repudiat.
779 3408 919 3474 Inutilia
955 3408 1086 3474 seilicet
1122 3408 1289 3497 primum,

173 3538 262 3606 quae
282 3515 482 3606 properanti
508 3515 697 3581 narrationi
716 3520 931 3583 moraturum
956 3536 1041 3582 onus
1060 3515 1289 3605 imponerent,

172 3624 441 3712 necquicquam
462 3621 541 3688 ad«
564 3622 661 3688 ethos
684 3650 699 3685 n
722 3628 781 3689 aut
803 3651 819 3684 «
845 3624 1007 3713 pathos»
1031 3623 1235 3706 conferrent,
1259 3628 1293 3689 et

172 3730 217 3797 ad
235 3731 395 3797 frivolam
415 3730 555 3796 demum
575 3730 764 3817 legentium
784 3731 1051 3798 oblectationem
1066 3731 1289 3820 pertinerent.

174 3836 304 3904 Sedet
333 3837 394 3903 illa
421 3859 559 3927 quoque
587 3859 751 3926 respuere
778 3837 952 3924 Vergilius
979 3859 1129 3926 aequum
1155 3843 1287 3921 censet,

172 3968 260 4036 quae
279 3966 445 4034 personae
465 3944 633 4032 cujusque
653 3945 849 4031 ingenium,
872 3945 973 4035 quale
993 3945 1152 4033 sibiipsa
1171 3943 1286 4032 fingit,

171 4053 339 4120 dedecere
358 4051 555 4119 arbitretur.
575 4051 631 4118 Sic
651 4074 690 4118 ea
711 4052 916 4142 plerumque
937 4053 1049 4140 rejicit
1068 4074 1155 4142 quae
1175 4052 1289 4142 politis

170 4160 243 4230 istis
282 4160 435 4225 moribus
474 4157 562 4224 male
590 4160 828 4241 convenirent,
861 4182 947 4249 quos
977 4160 1011 4225 in
1039 4159 1146 4248 polita
1178 4163 1289 4225 aetate

170 4270 380 4356 anteponere
401 4265 491 4331 mitis
512 4269 545 4330 et
570 4266 646 4354 ipse
678 4267 782 4331 animi
809 4267 1002 4357 excultique
1029 4266 1159 4351 ingenii
1186 4270 1289 4355 poeta

170 4373 479 4441 debuitPcrsonas
498 4372 604 4459 igitur
624 4372 809 4439 muliebres
830 4396 977 4463 quarum
991 4373 1141 4458 Vergilio
1161 4395 1288 4443 nomen

1182 4489 1206 4531 a
