2940 5076
549 396 553 405 -
613 370 712 416 caras
737 368 869 416 rainuu.
1262 337 1302 412 1'5

224 545 357 636 Nempe
376 545 426 612 ibi
444 546 609 617 nonnulla
629 568 703 615 esse
723 550 909 637 potuerant
928 535 1016 632 quae
1031 541 1224 629 Vergilium
1242 543 1302 610 ad-

176 654 341 742 juvarent
364 653 408 720 ad
433 653 700 720 describendum
726 650 985 719 ineluctabilem
1008 649 1106 716 illum
1133 652 1301 741 impetum

179 783 248 849 quo
269 759 439 828 Didonem
459 760 503 827 ad
521 760 676 827 Aeneam
695 760 828 850 impelli
847 758 957 845 fingit.
979 756 1135 847 Apparet
1155 757 1299 824 enimin

177 867 243 934 hac
270 867 450 954 tragoedia
477 866 613 934 Jasonis
641 867 827 933 adventum
849 867 882 932 in
908 866 1015 932 Actae
1041 886 1200 950 regnum,
1228 864 1301 933 Me·

179 974 264 1040 deae
293 995 440 1057 amores,
475 974 618 1063 Absyrti
652 974 793 1041 caedem
825 973 930 1039 fuisse
967 972 1152 1061 exposita¹.
1189 972 1301 1053 Quam

179 1103 260 1147 vero
278 1080 390 1147 vivide
410 1083 527 1168 regiae
546 1081 686 1172 puellae
705 1081 832 1148 amoris
849 1079 1044 1146 violentiae
1062 1078 1300 1168 potentissimo

178 1187 214 1252 in
233 1187 412 1254 affectibus
432 1188 643 1255 concitandis
663 1192 767 1278 poeta
785 1186 1051 1267 describeretur,
1074 1185 1205 1252 existis
1225 1185 1300 1275 pul·

179 1294 359 1361 cherrimis
378 1295 536 1361 versibus
555 1295 757 1382 intellegere
777 1301 829 1360 est
848 1315 868 1360 a
886 1291 1035 1360 Stobaeo
1056 1292 1224 1358 servatis:

359 1488 401 1549 'n
417 1493 524 1562 παῖδες,
542 1490 606 1568 ἥτοι
621 1487 726 1573 Κύπρις
741 1489 772 1548 οὗ
787 1487 892 1573 Κύπρις
908 1491 991 1568 μόνον

360 1585 423 1648 ἀλλ’
438 1586 498 1648 ἐστὶ
512 1588 626 1648 πάντων
641 1588 786 1668 ὀνομάτων
801 1585 955 1667 ἐπώνυμος,
975 1611 1002 1648 κ.
1020 1611 1047 1646 τ.
1064 1584 1122 1658 λ),

178 1796 265 1864 quos
285 1775 426 1864 quidem
446 1797 565 1863 versus
580 1774 734 1861 Vergilio
754 1775 853 1841 licuit
870 1775 906 1840 in
921 1775 1034 1865 primo
1052 1778 1218 1863 quartove
1236 1773 1300 1841 Ae-

176 1881 288 1947 neidis
306 1881 396 1948 libro
416 1904 605 1972 usurparc;
626 1881 783 1970 illudque
803 1904 872 1948 non
892 1904 960 1949 uno
979 1883 1015 1948 in
1034 1881 1122 1964 loco,
1144 1882 1216 1948 sive
1235 1881 1307 1972 has*

177 1990 277 2077 quasi
303 1989 429 2076 lyricas
453 1988 594 2054 Veneris
613 1990 788 2079 potentiae
812 1989 932 2055 laudes
957 1989 1001 2055 ab
1020 2010 1090 2054 una
1112 1988 1166 2055 vel
1190 1988 1299 2055 altera

174 2095 394 2162 indoctarum
410 2117 636 2186 personarum
649 2097 865 2185 pronuntiari
879 2096 1028 2177 fecisset,
1047 2096 1118 2161 sive
1131 2096 1207 2160 illas
1223 2096 1296 2186 ipse

175 2203 400 2293 interruptae,
413 2242 457 2252 -
468 2204 567 2269 sicuti
580 2202 766 2291 aliquando
780 2203 818 2269 fa
831 2205 866 2268 in
877 2203 1043 2283 Aeneide,
1056 2243 1099 2251 —
1110 2203 1299 2269 narrationi

176 2331 257 2378 suae
286 2311 428 2399 proprio
459 2311 596 2375 nomine
616 2311 768 2376 inserere
790 2310 975 2376 maluisset.
998 2308 1109 2375 Immo
1129 2309 1216 2375 adeo
1236 2310 1298 2374 mi-

175 2438 253 2481 rum
272 2418 306 2482 in
326 2417 468 2482 modum
489 2416 594 2482 verba
613 2417 673 2482 illa
689 2416 883 2506 Sophoclea
901 2416 1044 2482 Didonis
1065 2417 1242 2482 affectibus
1263 2422 1298 2482 et

175 2524 323 2589 miseriis
343 2529 423 2612 apta
443 2529 532 2606 sunt,
559 2528 597 2589 ut
625 2523 765 2590 credere
789 2545 960 2613 nequeam
977 2523 1183 2610 Vergilium,
1205 2525 1296 2589 -si

175 2629 315 2717 quidem
336 2636 431 2697 tanto
451 2653 529 2697 cum
550 2631 663 2696 studio
682 2632 894 2721 perquisisse
914 2630 1108 2698 credendus
1126 2630 1170 2696 sit
1189 2652 1296 2720 quae-

175 2759 322 2826 cumque
348 2759 472 2827 poema
496 2760 595 2804 suum
619 2743 791 2820 ornarent,
814 2779 857 2787 —
882 2744 953 2803 tam
975 2738 1064 2803 bene
1088 2739 1296 2804 convenien-

173 2849 243 2909 tem
254 2867 316 2911 nec
327 2846 439 2912 minus
451 2846 621 2911 illustrem
636 2851 795 2911 ornatum
811 2851 932 2935 sponte
948 2845 1152 2932 neglexisse.
1170 2844 1293 2912 Latino

172 2951 278 3035 igitur
306 2958 429 3041 poetae
459 2951 671 3041 Sophocleas
705 2951 878 3019 Colchides
906 2974 974 3018 non
1004 2954 1159 3038 cognitas
1187 2953 1293 3019 fuisse

172 3058 281 3124 multo
315 3059 479 3124 libentius
516 3060 708 3147 conjiciam.
743 3060 836 3145 Ergo
868 3060 959 3125 inter
991 3081 1109 3124 omnes
1147 3081 1236 3149 qaae
1274 3081 1295 3125 a

172 3165 306 3249 graecis
326 3167 437 3254 poetis
457 3167 492 3231 in
518 3187 678 3232 scaenam
696 3166 813 3232 induci
833 3171 1019 3255 potuerunt
1038 3165 1190 3247 MedeaS,
1215 3166 1292 3233 Col-

172 3270 310 3337 chidam
329 3272 451 3341 Medea
471 3275 543 3340 sola
563 3278 614 3339 est
633 3295 721 3363 quae
742 3274 897 3362 Vergilio
917 3274 1009 3340 utilis
1024 3274 1177 3340 fuisset⁸.

203 3449 225 3515 l.
245 3467 376 3530 Wsccuea,
394 3484 417 3531 p.
433 3468 479 3518 333
494 3485 547 3533 sqq.
561 3484 567 3531 ;
583 3470 689 3529 Asianus,
706 3486 729 3533 p.
744 3470 791 3519 324
809 3485 872 3533 sqq,
890 3474 937 3521 etc.

201 3538 225 3589 2.
245 3538 323 3597 Sroa,
340 3555 403 3599 asni,
418 3541 434 3589 θ
447 3541 497 3605 (ed.
514 3542 644 3604 Meineke).
657 3543 813 3605 insequentes
824 3556 912 3590 versus
924 3543 939 3591 ii
955 3545 1018 3604 sunt,
1031 3540 1087 3590 huic
1100 3545 1179 3589 autem
1191 3540 1290 3603 generi,

170 3613 197 3657 ut
211 3610 245 3658 ita
258 3610 346 3671 dicam,
361 3613 452 3661 amoris
466 3613 564 3661 omnino
578 3613 763 3672 accommodati,
779 3628 827 3677 quo
843 3614 985 3676 Vergiliana
999 3613 1063 3662 Dido
1079 3632 1090 3657 a
1107 3613 1190 3661 saucia
1206 3631 1218 3655 »
1231 3617 1268 3660 est
1284 3625 1290 3659 ε

417 3727 506 3779 Ἔστιν
522 3728 565 3792 μὲν
580 3728 668 3794 ᾍδης,
684 3730 736 3780 ἔστι
751 3731 776 3780 δ’
791 3729 888 3793 ἄφθιτος
903 3728 964 3792 dioc,

419 3798 485 3849 ἔστιν
500 3798 526 3851 δὲ
540 3795 621 3850 λθσσα
635 3799 733 3862 μανίας,
749 3801 800 3851 ἔστι
815 3801 840 3851 δ’
854 3798 936 3863 ἵμερος

420 3869 547 3934 ἄκραντος,
564 3871 618 3922 ἔστ’
631 3867 767 3936 οἱμωγμός.
786 3872 828 3921 Ἐυ
844 3871 911 3944 κείνῃ
927 3871 955 3921 τὸ
967 3877 1025 3933 πᾶν,

419 3946 564 4005 σπουδαῖον,
576 3945 709 4008 ἡσυχαῖον,
726 3946 749 4000 ἐς
761 3941 816 3994 θίαν
830 3941 899 4007 θίγον·

419 4013 545 4076 ἐντήκεται
559 4015 606 4078 γὰρ
619 4018 764 4077 πλευμόνων
780 4014 847 4072 ὅσοις
863 4015 898 4064 ἔνι

418 4083 495 4150 ψυχή.
512 4085 555 4144 Τίς
571 4083 630 4150 οὖχλ
647 4090 721 4146 τῆσδε
735 4091 777 4144 τῆς
793 4090 848 4136 θεοῦ
865 4084 945 4150 βορά;

420 4193 468 4207 .....
484 4157 541 4215 Διὸς
556 4166 670 4221 τυραννεῖ
689 4156 832 4218 πλευμθνων
848 4156 914 4208 ’ἄνευ
930 4158 1011 4222 δορὸς,

419 4227 476 4278 ἄνευ
489 4227 590 4291 σιδήρου
605 4227 687 4279 πάντα
702 4247 740 4279 τοι
754 4228 913 4284 συντέμνεται

417 4293 514 4361 Κύπρις
529 4299 560 4350 τὰ
574 4304 668 4362 θνητῶν
683 4301 727 4350 καὶ
744 4303 805 4350 θεῶν
822 4295 988 4363 βουλεύματα.

200 4416 223 4463 3.
242 4414 396 4477 tragicorum
412 4415 539 4464 latinorum
557 4417 676 4465 neminem
691 4415 825 4466 Colchides
840 4420 985 4465 retractasse
996 4414 1095 4464 scimus.
1114 4416 1180 4464 Accu
1199 4416 1289 4464 Medea

170 4484 300 4548 Sophoclis
316 4486 484 4551 Scytharum,
500 4487 559 4537 Eiuu
575 4487 666 4537 Medea
685 4487 814 4550 Euripidis
829 4488 930 4537 Medeae
952 4486 1124 4537 translationes
1148 4487 1224 4549 suere,
1240 4486 1288 4534 nisi
