2940 5076
630 375 824 423 PROOEMIUM.
1271 377 1290 419 V

207 549 376 639 ¹Namque
396 551 487 640 epici
502 551 671 640 poematis
691 555 807 641 partes
828 550 1000 641 quaedam
1015 555 1094 617 sunt
1110 551 1144 616 in
1165 549 1291 640 quibus

173 661 297 746 poetae
316 657 414 723 facile
442 659 600 744 ignoscas
629 659 724 748 quod
746 663 946 725 ornamenta
970 658 1086 747 aliqua
1110 680 1150 724 ex
1171 658 1291 723 alienis

174 763 283 831 hortis
310 764 365 830 vel
394 763 611 831 abundanter
645 767 865 855 excerpserit.
895 765 1028 855 Nempe
1066 764 1151 854 quid
1188 765 1293 831 refert

174 869 368 957 Vergilium
380 872 522 938 Homeri
542 873 695 958 vestigiis
715 875 858 963 propius
878 873 1043 939 institisse
1063 872 1196 962 praelia
1216 872 1293 938 des-

175 978 381 1061 cribentem,
412 980 469 1045 vel
497 979 720 1068 Apollonium
749 985 904 1046 secutum
930 1003 1005 1046 esse
1032 979 1171 1069 quando
1191 979 1292 1045 dcam

174 1086 326 1175 aliquam
345 1085 479 1152 induxit
499 1108 535 1152 se
555 1086 752 1153 mortalium
773 1087 880 1153 oculis
900 1088 1112 1167 offerentem,
1136 1087 1190 1153 vel
1210 1110 1293 1153 non-

173 1193 268 1259 nulla
296 1194 525 1283 assumpsisse
555 1194 598 1260 ab
624 1217 691 1260 uno
716 1202 775 1261 aut
798 1194 906 1261 altero
934 1196 1105 1282 egraecis
1134 1194 1291 1260 latinisve

174 1300 401 1390 scriptoribus
422 1301 579 1389 quotiens
600 1323 661 1366 seu
676 1301 882 1391 longinquos
900 1306 1070 1367 terrarum
1084 1305 1212 1367 tractus
1232 1300 1293 1366 ‹le-

173 1408 298 1497 pingit,
320 1430 407 1496 quos
426 1409 501 1497 ipse
520 1429 589 1473 non
615 1406 773 1490 viderit¹‚
797 1409 868 1474 sive
890 1409 999 1475 etiam
1024 1408 1213 1497 procellam
1238 1409 1293 1474 cui

174 1514 324 1581 adfuisse
353 1537 422 1579 non
447 1515 550 1580 liceat
578 1515 764 1581 omnibus?
793 1515 843 1581 Ea
871 1521 949 1581 sunt
985 1543 1000 1576 κ
1034 1515 1125 1580 furta
1154 1542 1169 1574 a
1205 1537 1293 1603 (quae

173 1622 332 1711 quotiens
342 1620 632 1709 objectairridere
644 1623 766 1688 merito
776 1623 928 1712 potuerit
938 1622 1140 1710 Vergilium.
1156 1622 1292 1712 Quippe

174 1752 275 1818 quae,
297 1728 538 1816 hujuscemodi
558 1734 728 1819 quotquot
748 1735 838 1812 sunt,
863 1757 879 1791 «
901 1730 1041 1819 proprie
1062 1729 1176 1795 dicere
1194 1757 1209 1790 »
1227 1729 1293 1794 dif-

173 1836 297 1902 ficilius
313 1859 417 1925 quam
438 1837 555 1903 utilius
576 1837 709 1927 opinor.
732 1837 775 1903 Et
790 1859 865 1902 esse
885 1858 1008 1903 censeo
1023 1837 1110 1927 epici
1125 1837 1292 1926 poematis
1360 1914 1364 1921 ⁵

175 1965 394 2010 communem
415 1944 574 2010 omnibus
591 1949 624 2010 et
639 1949 819 2010 aeternum
832 1943 1154 2034 quasithesaurum
1173 1944 1294 2033 aprio-

174 2050 270 2117 ribus
290 2049 541 2139 posterioribus
562 2051 605 2116 ad
624 2050 733 2117 libere
753 2051 938 2116 fruendum
957 2050 1134 2116 traditum.

220 2157 290 2224 Sed
309 2159 411 2244 longe
441 2179 538 2224 secus
565 2162 616 2223 est
644 2158 687 2224 de
715 2157 831 2225 indole
866 2158 1100 2224 adhibiturum
1128 2179 1294 2247 persona-

173 2288 251 2332 rum
281 2264 478 2350 effingenda
502 2265 566 2332 :in
600 2287 669 2353 quo
701 2266 808 2330 multo
839 2266 951 2331 minor
985 2265 1097 2330 aliena
1135 2264 1292 2331 sumendi

172 2374 312 2440 lieentia
341 2377 463 2461 poetae
496 2371 706 2448 conceditur,
738 2373 846 2438 multo
875 2373 986 2460 major
1014 2394 1104 2438 nova
1128 2371 1293 2437 afferendi

172 2480 357 2548 necessitas
392 2478 573 2546 incumbit.
604 2477 640 2546 Si
671 2480 748 2568 quis
782 2481 874 2545 enim
909 2501 1075 2566 germano
1111 2485 1293 2569 poetarum

170 2589 307 2675 ingenio
328 2586 506 2677 praeditus
526 2592 592 2668 est,
610 2609 646 2652 se
666 2608 734 2652 non
755 2586 962 2653 substituere
982 2587 1017 2652 in
1037 2586 1152 2652 locum
1173 2608 1292 2653 eorum

169 2717 238 2762 non
257 2699 372 2785 potest
390 2715 477 2783 quos
493 2699 634 2780 agentes
648 2693 873 2782 loquentesvc
893 2693 1007 2776 faciat,
1023 2693 1109 2759 adeo
1128 2697 1165 2759 ut
1185 2716 1292 2783 quae-

170 2823 317 2892 cumque
342 2801 507 2883 sentiant‚
529 2805 600 2866 tam
619 2800 734 2867 vivide
763 2801 894 2891 etipse
923 2801 1047 2867 sentiat
1072 2822 1176 2890 quarn
1201 2802 1229 2866 si
1248 2800 1291 2868 de

82 2956 87 2961 -
170 2931 206 2976 se
226 2913 370 2995 agatur;
392 2930 551 2997 quaeque
580 2908 689 2973 acturi
709 2909 776 2974 sint
796 2912 854 2974 aut
878 2907 1019 2989 dicturi,
1051 2929 1169 2977 secum
1193 2909 1291 2997 prius

170 3023 204 3082 et
222 3020 349 3082 attente
363 3013 547 3082 meditatus
558 3015 671 3081 fuerit.
682 3015 802 3104 Neque
816 3014 910 3081 aliud
926 3037 1000 3083 esse
1015 3016 1130 3103 reipsa
1143 3015 1288 3104 poesim,
1327 3003 1330 3008 ¹

168 3124 359 3189 —etiamsi
377 3121 413 3187 id
428 3122 517 3186 inter
531 3127 665 3188 nostros
682 3123 843 3211 aequales
858 3122 1014 3189 nonnulli
1030 3122 1232 3205 infitiantur,
1248 3162 1291 3171 —

171 3231 341 3311 existimo,
372 3250 476 3317 quam
504 3235 702 3318 promptam
733 3231 828 3296 illam
857 3253 896 3296 ac
926 3230 1077 3296 vividam
1107 3229 1211 3295 animi
1236 3231 1290 3295 vel

170 3337 258 3403 fretis
283 3336 387 3401 rebus
408 3334 519 3401 affecti
545 3336 742 3418 mollitiem,
763 3337 969 3426 facilemque
989 3336 1138 3421 ingenii,
1161 3336 1290 3402 alienas

171 3444 285 3510 subito
322 3464 486 3533 personas
526 3443 700 3511 induentis
739 3448 772 3509 et
810 3444 1025 3533 arripientis,
1066 3443 1289 3515 transforma-

171 3551 310 3617 tionem.

215 3659 291 3725 Non
322 3662 437 3724 autem
466 3657 629 3724 defuere⁸
649 3681 711 3724 nec
733 3658 874 3740 desunt,
902 3681 941 3725 ac
969 3657 1174 3746 praesertim
1202 3658 1291 3724 inter

204 3862 227 3912 1.
246 3860 308 3920 Quid
328 3877 342 3910 a
360 3860 490 3909 Theocrito
512 3860 621 3909 hauserit
640 3852 762 3921 Vergilius
784 3861 809 3908 in
828 3861 999 3909 describendis
1019 3861 1083 3909 ruris
1104 3860 1291 3909 amoenitatibus

173 3933 281 3982 ostendit
295 3932 418 3993 Gramen,
435 3932 570 3992 Quatenus
589 3932 616 3980 in
635 3931 758 3995 epithetis
778 3931 910 3998 Vergilius
924 3933 1044 3981 imitatas
1062 3933 1098 3980 sit
1114 3930 1289 3990 Theocritum,

202 4076 225 4124 2.
245 4075 383 4132 scaevus,
404 4075 471 4133 Vita,
487 4078 515 4122 11⁰
530 4074 568 4124 to.

202 4146 226 4195 3.
242 4140 435 4207 Nireu11n‚flist.
452 4160 527 4204 rona,
544 4145 614 4195 trud.
629 4146 666 4208 fr.
682 4145 713 4194 de
725 4145 847 4201 Gorneas,
864 4150 880 4193 t.
899 4146 918 4206 l,
935 4160 958 4208 p.
975 4146 1021 4195 276
1033 4161 1038 4194 :
1052 4166 1063 4191 (ι
1081 4146 1151 4195 Nous
1169 4145 1291 4209 n'eprou-

173 4232 234 4266 vens
248 4231 298 4280 que
313 4220 371 4279 trop
384 4215 624 4279 desuprc'atlcment
637 4215 752 4264 combv'cn
766 4231 817 4279 peu
838 4215 860 4264 le
872 4218 948 4280 poete
962 4232 977 4266 u
993 4219 1076 4266 teucri
1090 4222 1106 4266 d
1120 4218 1191 4282 fatre
1206 4217 1238 4265 dc
1252 4232 1291 4265 crs

173 4288 281 4345 calabres,
295 4289 327 4337 de
342 4304 383 4337 ces
396 4304 486 4347 nortia,
501 4287 632 4351 arrrqucls
646 4287 665 4335 il
683 4287 721 4335 lui
735 4287 828 4350 felicit
838 4288 939 4338 donuer
953 4306 991 4339 un
1002 4292 1148 4349 caractere,
1164 4290 1208 4339 des
1223 4290 1291 4338 roes

173 4361 273 4409 urtinte's
287 4375 382 4408 rorante
397 4358 433 4407 les
445 4358 518 4407 lteros
529 4358 691 4408 d'llootero...
709 4360 770 4422 [Son
784 4361 868 4422 peric}
886 4363 954 4409 e‘tuit
966 4377 1066 4424 proicere
1080 4377 1112 4411 en
1123 4363 1261 4410 cre'otr'ous.
1279 4379 1290 4403 v

204 4432 319 4492 l'aemen,
335 4432 407 4481 Ro'm.
424 4429 593 4495 lllptltolopie,
610 4434 647 4479 3l⁸
664 4430 757 4493 desp„
772 4432 800 4481 Β.
817 4431 851 4493 ΙΙ,
865 4447 889 4494 p.
902 4432 1005 4482 318-319
1018 4448 1023 4480 :
1036 4454 1047 4477 u
1063 4433 1155 4498 l'r'rpils
1170 4430 1289 4487 stertente,
