2940 5076
174 307 217 372 40
628 325 705 372 rsus
729 325 834 372 aaron.

173 503 322 583 videtur,
348 540 392 550 -
415 501 463 568 ita
486 505 520 566 et
547 500 581 565 in
606 505 764 590 poemate
789 520 1085 589 supervacaneum
1116 488 1290 587 quoddam

173 619 313 702 πάρεργον
349 607 506 696 ejusdem
539 608 664 674 amoris
703 607 855 672 narratio
894 606 1087 672 necessario
1120 604 1289 671 videatur.

174 716 271 791 Hanc
299 716 344 782 ob
380 737 519 782 causam
557 714 652 781 haud
683 714 856 780 immerito
884 714 1061 795 miramur,
1092 713 1120 779 si
1154 711 1291 802 quando

174 824 432 914 compositionis
452 823 619 889 rationem
646 823 796 888 strictius
822 821 1086 911 perpendimuS,
1117 825 1188 887 tam
1220 818 1292 884 lon-

174 954 254 1019 gam
273 952 348 1007 esse
369 931 520 997 tantulae
540 930 588 995 rei
611 930 853 995 narrationem.

218 1038 271 1105 An
302 1059 383 1104 vero
414 1037 536 1103 melius
561 1036 720 1102 contendi
750 1040 879 1125 potest,
909 1035 1043 1102 tamdiu
1069 1040 1147 1101 ante
1177 1033 1292 1101 oculos

174 1145 364 1231 legentium
387 1144 534 1218 versari,
562 1144 696 1210 volente
733 1150 851 1233 poeta,
890 1143 1076 1226 Didonem,
1111 1147 1294 1233 propterea

175 1252 270 1343 quod
283 1250 526 1340 Carthaginem
546 1251 750 1335 condiderit,
767 1251 931 1317 nimirum
946 1249 1212 1317 recordantibus
1226 1248 1293 1315 Ro-

175 1361 285 1426 manis
305 1382 373 1426 non
392 1364 463 1425 tam
481 1359 574 1425 illins
594 1381 670 1424 oum
691 1359 809 1425 Aenea
829 1380 1001 1440 amorem,
1024 1379 1128 1447 quam
1155 1356 1295 1424 Cartha-

175 1467 276 1554 ginis
308 1489 328 1533 a
355 1466 487 1534 Didone
515 1471 622 1548 ortae,
654 1465 794 1552 longam
823 1470 1070 1554 cruentamque
1100 1487 1177 1532 cum
1201 1462 1293 1531 Urbe

175 1574 466 1641 aemulationem?

220 1681 327 1748 Nobis
348 1704 428 1750 sane
453 1704 522 1748 non
547 1686 732 1771 supersunt
759 1680 853 1763 odia,
883 1704 971 1770 quae
999 1680 1052 1747 vel
1080 1681 1183 1747 etiam
1202 1678 1294 1770 apud

80 1846 84 1855 .
175 1790 323 1877 Augusti
343 1790 505 1879 aequales
534 1789 707 1856 Romanos
743 1812 778 1855 se
806 1790 1051 1856 suscitaturum
1074 1788 1154 1875 jure
1180 1788 1293 1854 forsan

176 1919 316 1988 sperare
345 1898 496 1988 potuerit
523 1896 722 1986 Vergilius;
753 1896 976 1963 nihilominus
1009 1901 1124 1963 tamen
1160 1895 1293 1985 opinari

175 2005 266 2090 licet,
279 2027 403 2095 parum
421 2005 626 2071 invidiosam
644 2005 750 2072 fuisse
770 2010 829 2071 aut
847 2003 1085 2071 detestandam
1101 2003 1155 2069 vel
1172 2003 1294 2070 Roma-

175 2113 228 2179 nis
248 2112 380 2202 patriae
401 2134 481 2179 suae
503 2113 746 2182 amantissimis
766 2111 964 2192 lectoribus,
981 2112 1079 2177 illam
1094 2111 1193 2201 quasi
1207 2111 1293 2197 figu-

176 2241 251 2286 ram
270 2218 487 2307 Carthaginis
507 2242 610 2308 quam
632 2220 667 2285 in
688 2242 723 2288 se
744 2219 872 2285 misera
893 2225 995 2308 atque
1020 2218 1180 2284 amabilis
1205 2217 1293 2283 Dido

175 2327 388 2395 referebat...
424 2325 460 2394 Si
491 2327 575 2416 quid
603 2326 845 2413 hujuscemodi
874 2325 1045 2412 Vergilius
1078 2324 1143 2391 sibi
1173 2347 1293 2391 revera

174 2436 429 2524 proposuisset,
470 2456 763 2524 supervacaneum
802 2434 924 2499 merito
952 2432 1146 2501 diceremus
1182 2431 1293 2521 qnod-

134 2526 140 2541 *
175 2562 322 2631 cumque
343 2541 379 2606 in
398 2541 523 2631 primo,
542 2546 664 2630 quarto
685 2546 848 2629 sextoque
868 2539 958 2605 libro
979 2538 1065 2604 nihil
1079 2537 1172 2604 aliud
1189 2559 1293 2627 quam

173 2647 363 2733 legentium
398 2647 672 2714 misericordiam
706 2645 831 2712 Didoni
872 2646 1051 2728 conciliat3
1091 2645 1126 2711 in
1170 2649 1293 2735 quarto

173 2777 298 2845 nempe
317 2755 424 2838 lihro,
446 2756 556 2821 omnis
575 2754 718 2822 Didonis
739 2755 843 2820 vitam
863 2754 1047 2819 relicturae
1068 2753 1219 2818 narratio
1239 2775 1294 2819 re-

173 2860 356 2944 dundaret,
374 2885 486 2952 neque
507 2863 651 2928 ulterius
666 2861 831 2951 progredi
843 2860 933 2926 liber
946 2860 1011 2926 iste
1027 2859 1183 2941 deberet,
1202 2864 1296 2950 post-

174 2991 278 3059 quam
298 2969 385 3035 Dido
406 2970 534 3036 Romae
553 2970 689 3035 futurae
710 2969 803 3034 diras
822 2975 964 3059 precata
988 2973 1072 3035 est¹.
1096 2966 1172 3033 Non
1191 2967 1297 3054 igitur

175 3075 364 3142 Romanam
387 3078 436 3166 (ut
454 3078 503 3143 ita
523 3076 647 3165 dicam)
665 3075 710 3141 ob
728 3097 866 3142 oausam
882 3081 954 3142 tam
969 3075 1097 3141 multus
1112 3075 1148 3141 in
1162 3074 1295 3141 Didone

175 3181 349 3268 Vergilius
369 3183 444 3250 fuit.

219 3289 339 3379 Neque
364 3292 455 3357 enim
482 3290 553 3357 ulla
580 3291 703 3357 melior
730 3274 833 3357 latius
862 3290 1051 3380 productae
1081 3288 1124 3355 de
1150 3287 1293 3358 Didonis

174 3396 278 3462 rebus
302 3398 508 3464 narrationis
532 3399 618 3465 ratio
639 3397 737 3465 reddi
762 3402 891 3488 potest,
921 3419 1023 3487 quam
1050 3396 1079 3462 si
1101 3395 1293 3482 Vergilium

171 3509 333 3594 putemus
348 3505 453 3592 hujus
473 3527 641 3596 personae
662 3488 894 3595 descriptione
915 3526 989 3572 sese
1009 3505 1124 3593 ipsum
1144 3502 1292 3570 oblecta·

173 3611 275 3679 visse.
297 3611 386 3679 Num
407 3619 522 3679 autem
541 3613 742 3680 incredibile
757 3611 844 3678 illud
859 3613 939 3678 est‘l
957 3611 1141 3701 Nunquam
1153 3611 1289 3693 desunt,

172 3723 210 3784 ut
230 3720 363 3808 opinor,
385 3720 477 3788 inter
495 3720 653 3787 fictarum
673 3741 789 3786 rerum
810 3720 1007 3809 scriptores,
1035 3718 1110 3806 qui,
1140 3716 1291 3805 Pygma-

170 3825 272 3892 lionis
289 3827 409 3912 instar,
432 3850 598 3919 personas
618 3850 638 3894 a
658 3850 693 3893 se
712 3832 844 3893 creatas
863 3825 979 3892 vivido
999 3824 1149 3914 quodam
1174 3847 1292 3890 amore

171 3933 456 4023 complectantur.
480 3934 548 4002 Sed
562 3957 676 4024 neque
697 3934 821 4000 desunt
838 3935 874 3998 in
893 3932 1047 3999 Aeneide
1062 3931 1181 4013 verba,
1202 3930 1292 3999 Ver-

171 4041 293 4126 gilium
313 4064 334 4108 a
353 4041 486 4109 Didone
507 4064 570 4109 sua
588 4046 798 4109 commotum
820 4048 853 4106 et
871 4041 985 4129 ipsum
995 4040 1101 4106 fuisse
1115 4039 1289 4121 testantia,

171 4148 242 4213 sive
263 4171 342 4215 eum
362 4151 436 4237 ejus
457 4149 596 4238 culpam
616 4150 716 4238 quasi
735 4153 889 4214 coactam
909 4170 948 4214 ao
970 4147 1111 4214 fatalem
1137 4151 1288 4229 excusat,

205 4399 228 4452 1.
247 4399 313 4449 Tunc
328 4404 406 4449 autem
421 4401 486 4450 circa
499 4414 597 4450 versum
612 4399 659 4450 too
672 4401 726 4449 linis
740 4405 826 4464 quarto
840 4398 903 4450 lihro
918 4396 1078 4461 imponendus
1093 4395 1145 4447 luit.
