2940 5076
637 345 811 393 couccusm.
1224 326 1287 391 157

168 521 289 588 Nonne
309 520 433 587 bellico
453 520 565 586 labori
584 522 663 589 totis
684 521 814 588 viribus
833 523 975 602 intenta,
993 526 1064 587 toto
1080 519 1195 585 animo
1208 541 1288 586 vere

169 627 280 695 defixa
297 627 491 694 incumbit?

214 733 299 801 Cum
336 735 461 801 Amata
490 734 627 801 Aeneae
651 736 827 819 irascitur,
858 739 975 825 optato
1010 754 1141 820 genero
1177 733 1286 814 timet,

169 839 403 930 Laviniaeque
424 841 545 930 suique
565 843 726 909 miseram
748 848 876 917 sortem
896 841 1011 924 deflet,
1033 862 1145 907 nonne
1161 841 1236 926 ejus
1256 843 1291 905 et

170 947 276 1015 verba
292 953 326 1014 et
343 952 417 1014 acta
437 949 616 1015 veritatem
636 948 739 1038 plane
760 950 917 1039 spirant?

213 1054 290 1121 Non
319 1055 481 1145 equidem
508 1055 609 1121 video
636 1078 784 1146 usquam
816 1058 865 1122 ita
895 1078 1001 1144 agere
1020 1055 1290 1142 vergilianarum

170 1161 356 1228 mulierum
376 1161 481 1227 ullam
501 1167 538 1228 ut
554 1163 676 1229 merito
694 1162 895 1230 derideatur
914 1167 1080 1252 tanquam

482 1357 582 1409 nervis
597 1356 704 1410 alienis
716 1357 827 1410 mobile
839 1357 971 1422 lignum3

171 1551 341 1617 nusquam
372 1528 477 1594 ullam
506 1529 555 1594 ita
582 1529 676 1618 loqui
706 1535 742 1594 ut
773 1526 916 1617 Vergilii
940 1551 959 1593 a
987 1533 1086 1615 tergo
1106 1528 1181 1616 ejus
1202 1528 1291 1596 male

170 1635 308 1737 latentis
328 1658 447 1702 vocem
469 1642 503 1702 et
520 1636 629 1702 verba
645 1657 885 1722 agnoscamus.

219 1831 520 1913 Quemadmodum
538 1854 620 1898 vero
640 1833 817 1921 aptissime
832 1833 874 1899 ad
894 1838 1031 1923 tempus
1049 1833 1292 1922 praesentique

172 1939 330 2004 fortunae
363 1944 594 2025 congruenter
631 1944 664 2004 et
701 1945 809 2026 agunt
838 1940 919 2006 illae
949 1945 983 2005 et
1013 1939 1216 2028 loquuntur,
1246 1940 1295 2005 ita

174 2046 344 2112 humanae
371 2052 526 2127 naturae,
557 2047 669 2136 qualis
690 2048 723 2112 in
746 2054 924 2113 aeternum
948 2051 1091 2137 perstat,
1116 2051 1295 2113 consenta-

173 2175 256 2219 neas
277 2175 312 2219 se
333 2159 521 2242 praestant.

220 2258 399 2326 Camillam
422 2258 561 2349 quidem
588 2262 750 2350 excipiaS,
780 2261 878 2346 cujus
899 2282 1029 2342 mores,
1055 2266 1172 2350 utpote
1192 2262 1294 2328 labu-

172 2365 238 2430 losi
254 2366 332 2448 sint,
356 2367 503 2455 experiri
522 2368 703 2457 nequimus
719 2390 761 2433 an
780 2367 1030 2434 accommodati
1050 2367 1117 2432 sint
1135 2366 1179 2433 ad
1199 2373 1297 2434 natu-

175 2492 269 2553 ram3
306 2494 420 2538 nonno
451 2474 594 2540 Amatae
624 2472 769 2556 indoleS,
806 2514 849 2522 —
875 2473 1011 2540 sublato
1036 2474 1101 2539 isto
1128 2475 1295 2541 miraculo
1349 2525 1351 2529 Α

175 2601 244 2668 quo
282 2579 422 2667 quidem
459 2580 602 2647 absente
638 2603 705 2647 non
737 2582 850 2646 minus
879 2581 978 2647 facile
1011 2580 1168 2666 intellegi
1198 2581 1296 2648 furor

174 2685 268 2750 illius
283 2686 404 2774 possit,
426 2725 470 2735 —
489 2709 529 2752 ea
547 2694 598 2754 est
622 2709 726 2776 quam
748 2689 825 2777 quis
845 2687 970 2753 cotidie
991 2688 1081 2752 inter
1099 2709 1179 2755 suos
1198 2710 1297 2777 repe·

128 2856 131 2860 ,
176 2792 246 2857 rire
265 2794 393 2880 qucat‘l
423 2794 543 2859 Nonne
573 2801 682 2860 mater
701 2794 886 2884 quaelibet,
914 2793 1012 2880 cujus
1033 2793 1139 2859 filiam
1159 2795 1296 2860 unicam

176 2899 295 2983 ignoto
311 2899 464 2966 advenae
479 2901 733 2967 incautissimus
755 2902 897 2967 maritus
918 2901 1126 2989 promiserit,
1144 2902 1220 2990 pari
1236 2900 1298 2966 do-

179 3005 263 3084 lore,
285 3029 353 3095 quo
373 3006 574 3085 Latinorum
595 3010 726 3094 regina,
749 3007 991 3074 succensebit?
1010 3007 1052 3073 Et
1071 3009 1137 3073 nisi
1156 3009 1297 3097 proprio

178 3133 293 3195 sensu,
315 3135 428 3179 nonne
444 3113 590 3199 figurate
614 3115 706 3180 illa«
730 3114 935 3181 debacchari
959 3144 974 3176 a
997 3115 1118 3180 merito
1139 3114 1298 3181 dicetur?

223 3218 323 3284 Anna
347 3243 484 3309 quoque
509 3244 585 3287 cum
617 3220 741 3287 Didoni
772 3222 893 3288 suadet
920 3227 956 3287 ut
988 3244 1050 3288 suo
1086 3223 1119 3287 in
1144 3221 1298 3287 Aeneam

177 3326 288 3393 amori
307 3328 519 3410 succumbat,
543 3369 586 3377 -
606 3330 741 3395 tametsi
761 3331 870 3395 nescit
889 3335 1004 3395 utrum
1022 3329 1137 3417 justae
1157 3331 1297 3418 nuptiae

176 3431 257 3498 inde
278 3433 411 3499 luturae
432 3436 500 3500 sint
527 3457 647 3516 necne,
676 3476 719 3484 -
750 3458 834 3501 num
860 3437 927 3501 alia
953 3438 1057 3502 sentit
1077 3441 1111 3502 et
1129 3435 1294 3524 loquitur,

176 3576 221 3588 —·
237 3545 270 3604 et
288 3545 389 3623 tacet,
414 3578 457 3590 -
486 3546 588 3630 atque
615 3563 751 3611 sorores
777 3543 857 3610 illae
887 3549 945 3608 aut
974 3543 1102 3608 amicae
1122 3540 1298 3608 labantem

174 3646 249 3731 jam
270 3647 451 3712 mulierem
476 3648 627 3713 consiliis
657 3651 727 3717 suis
757 3649 1021 3732 labefactanteS,
1049 3649 1157 3714 amori
1188 3676 1203 3709 «
1226 3648 1297 3737 pla-

178 3752 282 3817 cito»
310 3752 476 3818 obsistere
504 3754 611 3835 nolae,
641 3760 798 3821 naturam
826 3756 923 3844 sequi
940 3756 1073 3841 justum
1101 3777 1175 3820 esse
1196 3777 1296 3844 prae·

178 3857 355 3925 dicantes?

222 3964 266 4031 Et
283 3967 349 4055 ipsi
370 3965 549 4049 Lauiniae,
581 3968 701 4049 credo,
729 3991 867 4059 semper
900 3976 933 4034 et
957 3969 1085 4057 ubique
1115 3988 1296 4034 occurrere

178 4071 270 4137 licet.
295 4071 424 4139 Saltem
452 4077 543 4142 enim
570 4077 606 4141 in
630 4075 718 4141 fictis
738 4084 934 4141 nostrorum
954 4081 1151 4165 temporum
1176 4097 1296 4161 narra-

179 4178 331 4244 tionibus
362 4188 421 4246 aut
452 4183 487 4247 in
524 4182 709 4248 comoediis
747 4188 831 4272 quot
865 4183 1072 4248 inducuntur
1108 4181 1295 4271 puellulae,

179 4287 346 4353 amatoria
375 4289 592 4373 aegritudine
612 4289 820 4372 laboranteS,
843 4312 956 4380 neque
977 4294 1094 4379 optato
1115 4289 1187 4354 viro
1207 4310 1297 4377 nup-

179 4397 294 4475 turae,
316 4417 404 4482 quae
425 4395 602 4483 languenti
630 4396 751 4461 morbo
781 4418 992 4463 marcescere
1022 4419 1058 4463 sc
1082 4418 1151 4461 non
1170 4396 1296 4463 invitae
