<?xml version="1.0" encoding="UTF-8"?>
<!DOCTYPE html PUBLIC "-//W3C//DTD XHTML 1.0 Transitional//EN"
    "http://www.w3.org/TR/xhtml1/DTD/xhtml1-transitional.dtd">
<html xmlns="http://www.w3.org/1999/xhtml" xml:lang="en" lang="en">
 <head>
  <title>
</title>
<meta http-equiv="Content-Type" content="text/html;charset=utf-8" />
  <meta name='ocr-system' content='tesseract 3.04.00' />
  <meta name='ocr-capabilities' content='ocr_page ocr_carea ocr_par ocr_line ocrx_word'/>
</head>
<body>
  <div class='ocr_page' id='page_1' title='image "./devergilioininf01rbgoog_0089.png"; bbox 0 0 2940 5076; ppageno 0'>
   <div class='ocr_carea' id='block_1_1' title="bbox 235 329 898 410">
    <p class='ocr_par' dir='ltr' id='par_1_1' title="bbox 235 329 898 410">
     <span class='ocr_line' id='line_1_1' title="bbox 235 329 898 410; baseline 0.006 -15"><span class='ocrx_word' id='word_1_1' title='bbox 235 329 278 395; x_wconf 87' lang='grc'>66</span> <span class='ocrx_word' id='word_1_2' title='bbox 692 351 769 398; x_wconf 79' lang='lat' dir='ltr'>rins</span> <span class='ocrx_word' id='word_1_3' title='bbox 792 352 898 410; x_wconf 75' lang='lat' dir='ltr'>aaron.</span> 
     </span>
    </p>
   </div>
   <div class='ocr_carea' id='block_1_2' title="bbox 236 523 1358 1050">
    <p class='ocr_par' dir='ltr' id='par_1_2' title="bbox 236 523 1356 722">
     <span class='ocr_line' id='line_1_2' title="bbox 237 523 1356 619; baseline 0 -29"><span class='ocrx_word' id='word_1_4' title='bbox 237 525 340 591; x_wconf 89' lang='lat' dir='ltr'>etiam</span> <span class='ocrx_word' id='word_1_5' title='bbox 360 525 513 592; x_wconf 84' lang='lat' dir='ltr'>assensio</span> <span class='ocrx_word' id='word_1_6' title='bbox 533 526 755 609; x_wconf 87' lang='lat' dir='ltr'>concilietur;</span> <span class='ocrx_word' id='word_1_7' title='bbox 777 526 872 616; x_wconf 91' lang='lat' dir='ltr'>quod</span> <span class='ocrx_word' id='word_1_8' title='bbox 890 531 1006 594; x_wconf 88' lang='lat' dir='ltr'>autern</span> <span class='ocrx_word' id='word_1_9' title='bbox 1025 546 1095 615; x_wconf 90' lang='lat' dir='ltr'>qua</span> <span class='ocrx_word' id='word_1_10' title='bbox 1113 523 1246 619; x_wconf 84' lang='lat' dir='ltr'>ratione</span> <span class='ocrx_word' id='word_1_11' title='bbox 1266 544 1356 591; x_wconf 82' lang='lat' dir='ltr'>asse-</span> 
     </span>
     <span class='ocr_line' id='line_1_3' title="bbox 236 632 823 722; baseline 0.003 -24"><span class='ocrx_word' id='word_1_12' title='bbox 236 638 373 722; x_wconf 89' lang='lat' dir='ltr'>quatur,</span> <span class='ocrx_word' id='word_1_13' title='bbox 395 654 486 700; x_wconf 90' lang='lat' dir='ltr'>nune</span> <span class='ocrx_word' id='word_1_14' title='bbox 504 632 739 720; x_wconf 83' lang='lat' dir='ltr'>indagandum</span> <span class='ocrx_word' id='word_1_15' title='bbox 760 639 823 700; x_wconf 91' lang='lat' dir='ltr'>est.</span> 
     </span>
    </p>

    <p class='ocr_par' dir='ltr' id='par_1_3' title="bbox 237 738 1358 1050">
     <span class='ocr_line' id='line_1_4' title="bbox 284 738 1357 831; baseline 0 -26"><span class='ocrx_word' id='word_1_16' title='bbox 284 738 422 806; x_wconf 73' lang='lat' dir='ltr'>Scilicet</span> <span class='ocrx_word' id='word_1_17' title='bbox 444 741 478 806; x_wconf 94' lang='lat' dir='ltr'>in</span> <span class='ocrx_word' id='word_1_18' title='bbox 507 740 574 807; x_wconf 91' lang='lat' dir='ltr'>hoo</span> <span class='ocrx_word' id='word_1_19' title='bbox 593 742 744 831; x_wconf 92' lang='lat' dir='ltr'>primum</span> <span class='ocrx_word' id='word_1_20' title='bbox 763 742 968 809; x_wconf 78' lang='lat' dir='ltr'><strong>immoratur</strong></span> <span class='ocrx_word' id='word_1_21' title='bbox 987 745 1116 831; x_wconf 90' lang='lat' dir='ltr'>quanto</span> <span class='ocrx_word' id='word_1_22' title='bbox 1136 762 1213 806; x_wconf 89' lang='lat' dir='ltr'>oum</span> <span class='ocrx_word' id='word_1_23' title='bbox 1232 739 1357 806; x_wconf 89' lang='lat' dir='ltr'>ardore</span> 
     </span>
     <span class='ocr_line' id='line_1_5' title="bbox 237 845 1358 940; baseline 0.001 -28"><span class='ocrx_word' id='word_1_24' title='bbox 237 845 325 913; x_wconf 93' lang='lat' dir='ltr'>Dido</span> <span class='ocrx_word' id='word_1_25' title='bbox 358 847 510 922; x_wconf 84' lang='lat' dir='ltr'>Deorum</span> <span class='ocrx_word' id='word_1_26' title='bbox 535 850 671 915; x_wconf 89' lang='lat' dir='ltr'>veniam</span> <span class='ocrx_word' id='word_1_27' title='bbox 699 849 885 940; x_wconf 90' lang='lat' dir='ltr'>impetrare</span> <span class='ocrx_word' id='word_1_28' title='bbox 918 853 1071 916; x_wconf 86' lang='lat' dir='ltr'>conetur.</span> <span class='ocrx_word' id='word_1_29' title='bbox 1106 848 1227 914; x_wconf 83' lang='lat' dir='ltr'>Annae</span> <span class='ocrx_word' id='word_1_30' title='bbox 1249 848 1358 934; x_wconf 79' lang='lat' dir='ltr'>igitur</span> 
     </span>
     <span class='ocr_line' id='line_1_6' title="bbox 237 955 1153 1050; baseline 0 -29"><span class='ocrx_word' id='word_1_31' title='bbox 237 955 380 1024; x_wconf 89' lang='lat' dir='ltr'>consilia</span> <span class='ocrx_word' id='word_1_32' title='bbox 400 977 535 1022; x_wconf 90' lang='lat' dir='ltr'>summo</span> <span class='ocrx_word' id='word_1_33' title='bbox 555 957 687 1026; x_wconf 90' lang='lat' dir='ltr'>studio¹</span> <span class='ocrx_word' id='word_1_34' title='bbox 709 957 879 1050; x_wconf 85' lang='lat' dir='ltr'>amplexa,</span> <span class='ocrx_word' id='word_1_35' title='bbox 901 956 1048 1023; x_wconf 88' lang='lat' dir='ltr'>delubra</span> <span class='ocrx_word' id='word_1_36' title='bbox 1067 955 1153 1036; x_wconf 87' lang='lat' dir='ltr'>adit,</span> 
     </span>
    </p>
   </div>
   <div class='ocr_carea' id='block_1_3' title="bbox 626 1162 932 1217">
    <p class='ocr_par' dir='ltr' id='par_1_4' title="bbox 626 1162 932 1217">
     <span class='ocr_line' id='line_1_7' title="bbox 626 1162 932 1217; baseline -0.003 -14"><span class='ocrx_word' id='word_1_37' title='bbox 626 1162 787 1217; x_wconf 88' lang='lat' dir='ltr'>pacemque</span> <span class='ocrx_word' id='word_1_38' title='bbox 801 1162 852 1215; x_wconf 91' lang='lat' dir='ltr'>per</span> <span class='ocrx_word' id='word_1_39' title='bbox 866 1163 932 1203; x_wconf 90' lang='lat' dir='ltr'>aras</span> 
     </span>
    </p>
   </div>
   <div class='ocr_carea' id='block_1_4' title="bbox 238 1284 1116 1413">
    <p class='ocr_par' dir='ltr' id='par_1_5' title="bbox 238 1284 1116 1413">
     <span class='ocr_line' id='line_1_8' title="bbox 238 1284 1116 1413; baseline -0.001 -24"><span class='ocrx_word' id='word_1_40' title='bbox 238 1284 397 1413; x_wconf 83' lang='lat' dir='ltr'>exquirit,</span> <span class='ocrx_word' id='word_1_41' title='bbox 420 1321 625 1411; x_wconf 89' lang='lat' dir='ltr'>multasque,</span> <span class='ocrx_word' id='word_1_42' title='bbox 649 1322 925 1412; x_wconf 90' lang='lat' dir='ltr'>quibuscumque</span> <span class='ocrx_word' id='word_1_43' title='bbox 944 1322 1016 1389; x_wconf 92' lang='lat' dir='ltr'>Diis</span> <span class='ocrx_word' id='word_1_44' title='bbox 1037 1327 1116 1389; x_wconf 90' lang='lat' dir='ltr'>sunt</span> 
     </span>
    </p>
   </div>
   <div class='ocr_carea' id='block_1_5' title="bbox 626 1516 952 1585">
    <p class='ocr_par' dir='ltr' id='par_1_6' title="bbox 626 1516 952 1585">
     <span class='ocr_line' id='line_1_9' title="bbox 626 1516 952 1585; baseline 0.009 -17"><span class='ocrx_word' id='word_1_45' title='bbox 626 1516 720 1569; x_wconf 89' lang='lat' dir='ltr'>vincla</span> <span class='ocrx_word' id='word_1_46' title='bbox 730 1517 843 1583; x_wconf 83' lang='lat' dir='ltr'>jngalia</span> <span class='ocrx_word' id='word_1_47' title='bbox 856 1531 952 1585; x_wconf 84' lang='lat' dir='ltr'>curae,</span> 
     </span>
    </p>
   </div>
   <div class='ocr_carea' id='block_1_6' title="bbox 237 1689 1359 2212">
    <p class='ocr_par' dir='ltr' id='par_1_7' title="bbox 237 1689 1359 2212">
     <span class='ocr_line' id='line_1_10' title="bbox 237 1689 1358 1779; baseline 0.001 -24"><span class='ocrx_word' id='word_1_48' title='bbox 237 1689 394 1756; x_wconf 89' lang='lat' dir='ltr'>victimas</span> <span class='ocrx_word' id='word_1_49' title='bbox 422 1689 593 1767; x_wconf 82' lang='lat' dir='ltr'>immolat,</span> <span class='ocrx_word' id='word_1_50' title='bbox 633 1689 739 1779; x_wconf 92' lang='lat' dir='ltr'>idque</span> <span class='ocrx_word' id='word_1_51' title='bbox 772 1711 840 1755; x_wconf 93' lang='lat' dir='ltr'>non</span> <span class='ocrx_word' id='word_1_52' title='bbox 874 1690 981 1757; x_wconf 91' lang='lat' dir='ltr'>semel</span> <span class='ocrx_word' id='word_1_53' title='bbox 1009 1689 1260 1771; x_wconf 90' lang='lat' dir='ltr'>tantummodo,</span> <span class='ocrx_word' id='word_1_54' title='bbox 1295 1690 1358 1756; x_wconf 91' lang='lat' dir='ltr'>sed</span> 
     </span>
     <span class='ocr_line' id='line_1_11' title="bbox 240 1796 1358 1887; baseline 0.004 -28"><span class='ocrx_word' id='word_1_55' title='bbox 240 1825 256 1859; x_wconf 92' lang='lat'>«</span> <span class='ocrx_word' id='word_1_56' title='bbox 278 1796 370 1863; x_wconf 90' lang='lat' dir='ltr'>diem</span> <span class='ocrx_word' id='word_1_57' title='bbox 390 1796 488 1863; x_wconf 92' lang='lat' dir='ltr'>donis</span> <span class='ocrx_word' id='word_1_58' title='bbox 503 1798 705 1864; x_wconf 59' lang='lat' dir='ltr'>instaurate.</span> <span class='ocrx_word' id='word_1_59' title='bbox 730 1825 745 1858; x_wconf 95' lang='lat'>»</span> <span class='ocrx_word' id='word_1_60' title='bbox 768 1796 992 1881; x_wconf 80' lang='lat' dir='ltr'>Quinetiam,</span> <span class='ocrx_word' id='word_1_61' title='bbox 1015 1800 1087 1864; x_wconf 88' lang='lat' dir='ltr'>non</span> <span class='ocrx_word' id='word_1_62' title='bbox 1103 1796 1215 1863; x_wconf 89' lang='lat' dir='ltr'>solum</span> <span class='ocrx_word' id='word_1_63' title='bbox 1236 1821 1358 1887; x_wconf 85' lang='lat' dir='ltr'>preca-</span> 
     </span>
     <span class='ocr_line' id='line_1_12' title="bbox 237 1903 1359 1996; baseline 0.002 -25"><span class='ocrx_word' id='word_1_64' title='bbox 237 1910 304 1986; x_wconf 89' lang='lat' dir='ltr'>tur,</span> <span class='ocrx_word' id='word_1_65' title='bbox 327 1903 389 1970; x_wconf 88' lang='lat' dir='ltr'>sed</span> <span class='ocrx_word' id='word_1_66' title='bbox 415 1906 605 1991; x_wconf 83' lang='lat' dir='ltr'>interrogat</span> <span class='ocrx_word' id='word_1_67' title='bbox 631 1903 692 1970; x_wconf 91' lang='lat' dir='ltr'>illa</span> <span class='ocrx_word' id='word_1_68' title='bbox 718 1903 821 1985; x_wconf 64' lang='lat' dir='ltr'>Deos</span> <span class='ocrx_word' id='word_1_69' title='bbox 852 1910 885 1971; x_wconf 91' lang='lat' dir='ltr'>et</span> <span class='ocrx_word' id='word_1_70' title='bbox 914 1905 1043 1971; x_wconf 89' lang='lat' dir='ltr'>sciendi</span> <span class='ocrx_word' id='word_1_71' title='bbox 1074 1906 1203 1972; x_wconf 87' lang='lat' dir='ltr'>scilicet</span> <span class='ocrx_word' id='word_1_72' title='bbox 1231 1904 1359 1996; x_wconf 90' lang='lat' dir='ltr'>cupida</span> 
     </span>
     <span class='ocr_line' id='line_1_13' title="bbox 239 2012 1359 2104; baseline 0.002 -25"><span class='ocrx_word' id='word_1_73' title='bbox 239 2012 378 2104; x_wconf 92' lang='lat' dir='ltr'>quando</span> <span class='ocrx_word' id='word_1_74' title='bbox 399 2012 464 2079; x_wconf 93' lang='lat' dir='ltr'>sibi</span> <span class='ocrx_word' id='word_1_75' title='bbox 484 2018 623 2102; x_wconf 87' lang='lat' dir='ltr'>praesto</span> <span class='ocrx_word' id='word_1_76' title='bbox 645 2012 762 2098; x_wconf 80' lang='lat' dir='ltr'>lutura</span> <span class='ocrx_word' id='word_1_77' title='bbox 788 2013 830 2078; x_wconf 88' lang='lat' dir='ltr'>sit</span> <span class='ocrx_word' id='word_1_78' title='bbox 850 2014 983 2081; x_wconf 82' lang='lat' dir='ltr'>occasio</span> <span class='ocrx_word' id='word_1_79' title='bbox 1004 2035 1104 2079; x_wconf 88' lang='lat' dir='ltr'>suurn</span> <span class='ocrx_word' id='word_1_80' title='bbox 1129 2013 1266 2079; x_wconf 79' lang='lat' dir='ltr'><strong>Aeneae</strong></span> <span class='ocrx_word' id='word_1_81' title='bbox 1290 2014 1359 2104; x_wconf 90' lang='lat' dir='ltr'>ipsi</span> 
     </span>
     <span class='ocr_line' id='line_1_14' title="bbox 238 2119 1002 2212; baseline 0.001 -26"><span class='ocrx_word' id='word_1_82' title='bbox 238 2143 392 2189; x_wconf 88' lang='lat' dir='ltr'>amorem</span> <span class='ocrx_word' id='word_1_83' title='bbox 410 2119 606 2212; x_wconf 87' lang='lat' dir='ltr'>profitendi,</span> <span class='ocrx_word' id='word_1_84' title='bbox 630 2147 646 2183; x_wconf 74' lang='grc' dir='ltr'>ι(</span> <span class='ocrx_word' id='word_1_85' title='bbox 667 2119 841 2210; x_wconf 84' lang='lat' dir='ltr'><strong>pecudum</strong></span> <span class='ocrx_word' id='word_1_86' title='bbox 860 2120 1002 2187; x_wconf 81' lang='lat' dir='ltr'>reclusis</span> 
     </span>
    </p>
   </div>
   <div class='ocr_carea' id='block_1_7' title="bbox 425 2314 1146 2380">
    <p class='ocr_par' dir='ltr' id='par_1_8' title="bbox 425 2314 1146 2380">
     <span class='ocr_line' id='line_1_15' title="bbox 425 2314 1146 2380; baseline -0.007 -12"><span class='ocrx_word' id='word_1_87' title='bbox 425 2316 593 2380; x_wconf 84' lang='lat' dir='ltr'>pectoribus</span> <span class='ocrx_word' id='word_1_88' title='bbox 607 2315 723 2368; x_wconf 85' lang='lat' dir='ltr'>inhians</span> <span class='ocrx_word' id='word_1_89' title='bbox 739 2314 882 2380; x_wconf 79' lang='lat' dir='ltr'>spirantia</span> <span class='ocrx_word' id='word_1_90' title='bbox 894 2315 1024 2367; x_wconf 89' lang='lat' dir='ltr'>consulit</span> <span class='ocrx_word' id='word_1_91' title='bbox 1038 2319 1116 2368; x_wconf 82' lang='lat' dir='ltr'>exta.</span> <span class='ocrx_word' id='word_1_92' title='bbox 1133 2329 1146 2363; x_wconf 85' lang='lat'>›&gt;</span> 
     </span>
    </p>
   </div>
   <div class='ocr_carea' id='block_1_8' title="bbox 238 2485 1360 2899">
    <p class='ocr_par' dir='ltr' id='par_1_9' title="bbox 238 2485 1360 2899">
     <span class='ocr_line' id='line_1_16' title="bbox 285 2485 1359 2569; baseline 0.001 -17"><span class='ocrx_word' id='word_1_93' title='bbox 285 2485 397 2569; x_wconf 86' lang='lat' dir='ltr'>Quam</span> <span class='ocrx_word' id='word_1_94' title='bbox 416 2509 498 2552; x_wconf 89' lang='lat' dir='ltr'>vero</span> <span class='ocrx_word' id='word_1_95' title='bbox 527 2487 572 2552; x_wconf 89' lang='lat' dir='ltr'>oh</span> <span class='ocrx_word' id='word_1_96' title='bbox 602 2509 676 2554; x_wconf 90' lang='lat' dir='ltr'>rem</span> <span class='ocrx_word' id='word_1_97' title='bbox 695 2492 791 2554; x_wconf 92' lang='lat' dir='ltr'>tanto</span> <span class='ocrx_word' id='word_1_98' title='bbox 811 2510 888 2555; x_wconf 89' lang='lat' dir='ltr'>eum</span> <span class='ocrx_word' id='word_1_99' title='bbox 908 2485 1039 2568; x_wconf 90' lang='lat' dir='ltr'>studio,</span> <span class='ocrx_word' id='word_1_100' title='bbox 1062 2489 1158 2553; x_wconf 91' lang='lat' dir='ltr'>tanta</span> <span class='ocrx_word' id='word_1_101' title='bbox 1176 2507 1255 2552; x_wconf 89' lang='lat' dir='ltr'>cum</span> <span class='ocrx_word' id='word_1_102' title='bbox 1275 2509 1359 2553; x_wconf 91' lang='lat' dir='ltr'>oon-</span> 
     </span>
     <span class='ocr_line' id='line_1_17' title="bbox 238 2592 1356 2681; baseline 0 -23"><span class='ocrx_word' id='word_1_103' title='bbox 238 2595 391 2660; x_wconf 90' lang='lat' dir='ltr'>tentione</span> <span class='ocrx_word' id='word_1_104' title='bbox 425 2592 595 2660; x_wconf 89' lang='lat' dir='ltr'>Didonem</span> <span class='ocrx_word' id='word_1_105' title='bbox 623 2593 712 2661; x_wconf 88' lang='lat' dir='ltr'>Deos</span> <span class='ocrx_word' id='word_1_106' title='bbox 747 2595 1009 2681; x_wconf 67' lang='lat' dir='ltr'>efflagitantem,</span> <span class='ocrx_word' id='word_1_107' title='bbox 1041 2595 1128 2660; x_wconf 91' lang='lat' dir='ltr'>votis</span> <span class='ocrx_word' id='word_1_108' title='bbox 1161 2598 1356 2680; x_wconf 81' lang='lat' dir='ltr'>urgentem,</span> 
     </span>
     <span class='ocr_line' id='line_1_18' title="bbox 238 2699 1359 2792; baseline 0.001 -26"><span class='ocrx_word' id='word_1_109' title='bbox 238 2723 342 2791; x_wconf 91' lang='lat' dir='ltr'>prece</span> <span class='ocrx_word' id='word_1_110' title='bbox 362 2699 583 2784; x_wconf 87' lang='lat' dir='ltr'>ambientem,</span> <span class='ocrx_word' id='word_1_111' title='bbox 600 2707 703 2792; x_wconf 90' lang='lat' dir='ltr'>poeta</span> <span class='ocrx_word' id='word_1_112' title='bbox 721 2703 822 2769; x_wconf 91' lang='lat' dir='ltr'>nohis</span> <span class='ocrx_word' id='word_1_113' title='bbox 837 2701 1012 2768; x_wconf 80' lang='lat' dir='ltr'>ostendit?</span> <span class='ocrx_word' id='word_1_114' title='bbox 1027 2702 1159 2791; x_wconf 89' lang='lat' dir='ltr'>Nempe</span> <span class='ocrx_word' id='word_1_115' title='bbox 1175 2699 1269 2767; x_wconf 90' lang='lat' dir='ltr'>aliud</span> <span class='ocrx_word' id='word_1_116' title='bbox 1289 2723 1359 2767; x_wconf 93' lang='lat' dir='ltr'>non</span> 
     </span>
     <span class='ocr_line' id='line_1_19' title="bbox 238 2807 1360 2899; baseline 0.001 -25"><span class='ocrx_word' id='word_1_117' title='bbox 238 2807 297 2875; x_wconf 87' lang='lat' dir='ltr'>ille</span> <span class='ocrx_word' id='word_1_118' title='bbox 317 2808 392 2875; x_wconf 91' lang='lat' dir='ltr'>vult</span> <span class='ocrx_word' id='word_1_119' title='bbox 419 2831 523 2899; x_wconf 93' lang='lat' dir='ltr'>quam</span> <span class='ocrx_word' id='word_1_120' title='bbox 551 2809 686 2876; x_wconf 82' lang='lat' dir='ltr'>facilem</span> <span class='ocrx_word' id='word_1_121' title='bbox 713 2809 909 2896; x_wconf 82' lang='lat' dir='ltr'>legentibus</span> <span class='ocrx_word' id='word_1_122' title='bbox 937 2810 1011 2875; x_wconf 91' lang='lat' dir='ltr'>fieri</span> <span class='ocrx_word' id='word_1_123' title='bbox 1041 2809 1285 2896; x_wconf 85' lang='lat' dir='ltr'>conjecturam,</span> <span class='ocrx_word' id='word_1_124' title='bbox 1317 2831 1360 2875; x_wconf 92' lang='lat' dir='ltr'>eo</span> 
     </span>
    </p>
   </div>
   <div class='ocr_carea' id='block_1_9' title="bbox 137 2911 1386 3006">
    <p class='ocr_par' dir='ltr' id='par_1_10' title="bbox 137 2911 1386 3006">
     <span class='ocr_line' id='line_1_20' title="bbox 137 2911 1386 3006; baseline 0 -24"><span class='ocrx_word' id='word_1_125' title='bbox 137 2911 140 2918; x_wconf 83' lang='grc'><strong>’</strong></span> <span class='ocrx_word' id='word_1_126' title='bbox 235 2914 310 3003; x_wconf 85' lang='lat' dir='ltr'>jam</span> <span class='ocrx_word' id='word_1_127' title='bbox 340 2938 562 3006; x_wconf 78' lang='lat' dir='ltr'>progressam</span> <span class='ocrx_word' id='word_1_128' title='bbox 592 2938 666 2984; x_wconf 92' lang='lat' dir='ltr'>esse</span> <span class='ocrx_word' id='word_1_129' title='bbox 698 2939 861 2984; x_wconf 87' lang='lat' dir='ltr'>vesanam</span> <span class='ocrx_word' id='word_1_130' title='bbox 890 2917 1070 2983; x_wconf 89' lang='lat' dir='ltr'>mulierem</span> <span class='ocrx_word' id='word_1_131' title='bbox 1099 2921 1137 2982; x_wconf 91' lang='lat' dir='ltr'>ut</span> <span class='ocrx_word' id='word_1_132' title='bbox 1166 2915 1239 3002; x_wconf 86' lang='lat' dir='ltr'>jam</span> <span class='ocrx_word' id='word_1_133' title='bbox 1269 2917 1359 2982; x_wconf 89' lang='lat' dir='ltr'>votis</span> <span class='ocrx_word' id='word_1_134' title='bbox 1384 2984 1386 2988; x_wconf 79' lang='grc'>,</span> 
     </span>
    </p>
   </div>
   <div class='ocr_carea' id='block_1_10' title="bbox 240 3024 1360 3221">
    <p class='ocr_par' dir='ltr' id='par_1_11' title="bbox 240 3024 1360 3221">
     <span class='ocr_line' id='line_1_21' title="bbox 240 3024 1360 3114; baseline -0.001 -25"><span class='ocrx_word' id='word_1_135' title='bbox 240 3025 324 3106; x_wconf 89' lang='lat' dir='ltr'>suis,</span> <span class='ocrx_word' id='word_1_136' title='bbox 345 3025 491 3090; x_wconf 87' lang='lat' dir='ltr'>maxime</span> <span class='ocrx_word' id='word_1_137' title='bbox 513 3024 636 3090; x_wconf 87' lang='lat' dir='ltr'>vividis</span> <span class='ocrx_word' id='word_1_138' title='bbox 661 3046 700 3090; x_wconf 92' lang='lat' dir='ltr'>ac</span> <span class='ocrx_word' id='word_1_139' title='bbox 728 3025 882 3106; x_wconf 86' lang='lat' dir='ltr'>sinceris,</span> <span class='ocrx_word' id='word_1_140' title='bbox 905 3047 972 3091; x_wconf 90' lang='lat' dir='ltr'>non</span> <span class='ocrx_word' id='word_1_141' title='bbox 991 3045 1092 3114; x_wconf 91' lang='lat' dir='ltr'>posse</span> <span class='ocrx_word' id='word_1_142' title='bbox 1117 3045 1185 3089; x_wconf 92' lang='lat' dir='ltr'>non</span> <span class='ocrx_word' id='word_1_143' title='bbox 1214 3045 1360 3113; x_wconf 88' lang='lat' dir='ltr'>respon-</span> 
     </span>
     <span class='ocr_line' id='line_1_22' title="bbox 240 3129 1356 3221; baseline 0.001 -26"><span class='ocrx_word' id='word_1_144' title='bbox 240 3129 321 3195; x_wconf 89' lang='lat' dir='ltr'>dere</span> <span class='ocrx_word' id='word_1_145' title='bbox 341 3130 431 3197; x_wconf 90' lang='lat' dir='ltr'>Deos</span> <span class='ocrx_word' id='word_1_146' title='bbox 451 3152 494 3196; x_wconf 91' lang='lat' dir='ltr'>ne</span> <span class='ocrx_word' id='word_1_147' title='bbox 525 3130 660 3197; x_wconf 88' lang='lat' dir='ltr'>dubitet</span> <span class='ocrx_word' id='word_1_148' title='bbox 683 3130 844 3220; x_wconf 89' lang='lat' dir='ltr'>quidem,</span> <span class='ocrx_word' id='word_1_149' title='bbox 866 3131 1030 3221; x_wconf 90' lang='lat' dir='ltr'>illamque</span> <span class='ocrx_word' id='word_1_150' title='bbox 1050 3129 1188 3196; x_wconf 92' lang='lat' dir='ltr'>amandi</span> <span class='ocrx_word' id='word_1_151' title='bbox 1207 3131 1356 3213; x_wconf 90' lang='lat' dir='ltr'>veniam,</span> 
     </span>
    </p>
   </div>
   <div class='ocr_carea' id='block_1_11' title="bbox 239 3237 1359 3411">
    <p class='ocr_par' dir='ltr' id='par_1_12' title="bbox 239 3237 1359 3411">
     <span class='ocr_line' id='line_1_23' title="bbox 239 3237 1359 3327; baseline 0.001 -24"><span class='ocrx_word' id='word_1_152' title='bbox 239 3242 419 3327; x_wconf 90' lang='lat' dir='ltr'>tantopere</span> <span class='ocrx_word' id='word_1_153' title='bbox 438 3238 659 3327; x_wconf 92' lang='lat' dir='ltr'>postulatam,</span> <span class='ocrx_word' id='word_1_154' title='bbox 678 3238 844 3325; x_wconf 83' lang='lat' dir='ltr'>jamnuno</span> <span class='ocrx_word' id='word_1_155' title='bbox 858 3237 999 3305; x_wconf 90' lang='lat' dir='ltr'>tandem</span> <span class='ocrx_word' id='word_1_156' title='bbox 1013 3238 1078 3304; x_wconf 90' lang='lat' dir='ltr'>sibi</span> <span class='ocrx_word' id='word_1_157' title='bbox 1097 3238 1261 3304; x_wconf 89' lang='lat' dir='ltr'>tributam</span> <span class='ocrx_word' id='word_1_158' title='bbox 1282 3260 1359 3304; x_wconf 92' lang='lat' dir='ltr'>esse</span> 
     </span>
     <span class='ocr_line' id='line_1_24' title="bbox 239 3343 582 3411; baseline 0.003 -3"><span class='ocrx_word' id='word_1_159' title='bbox 239 3343 413 3411; x_wconf 86' lang='lat' dir='ltr'>bonafide</span> <span class='ocrx_word' id='word_1_160' title='bbox 433 3343 550 3411; x_wconf 92' lang='lat' dir='ltr'>credat</span> <span class='ocrx_word' id='word_1_161' title='bbox 560 3345 582 3409; x_wconf 78' lang='lat'>³.</span> 
     </span>
    </p>
   </div>
   <div class='ocr_carea' id='block_1_12' title="bbox 239 3539 1360 4108">
    <p class='ocr_par' dir='ltr' id='par_1_13' title="bbox 272 3539 1324 3606">
     <span class='ocr_line' id='line_1_25' title="bbox 272 3539 1324 3606; baseline -0.001 -16"><span class='ocrx_word' id='word_1_162' title='bbox 272 3541 295 3590; x_wconf 88' lang='lat'>1.</span> <span class='ocrx_word' id='word_1_163' title='bbox 313 3541 348 3589; x_wconf 86' lang='lat' dir='ltr'>De</span> <span class='ocrx_word' id='word_1_164' title='bbox 363 3540 466 3590; x_wconf 89' lang='lat' dir='ltr'>Didonis</span> <span class='ocrx_word' id='word_1_165' title='bbox 480 3555 539 3604; x_wconf 82' lang='lat' dir='ltr'>erga</span> <span class='ocrx_word' id='word_1_166' title='bbox 549 3542 608 3590; x_wconf 89' lang='lat' dir='ltr'>deos</span> <span class='ocrx_word' id='word_1_167' title='bbox 622 3543 720 3606; x_wconf 87' lang='lat' dir='ltr'>pietate,</span> <span class='ocrx_word' id='word_1_168' title='bbox 736 3543 768 3590; x_wconf 86' lang='lat' dir='ltr'>ci.</span> <span class='ocrx_word' id='word_1_169' title='bbox 779 3543 855 3600; x_wconf 77' lang='lat' dir='ltr'>Aen,</span> <span class='ocrx_word' id='word_1_170' title='bbox 869 3542 888 3602; x_wconf 90' lang='lat'>1,</span> <span class='ocrx_word' id='word_1_171' title='bbox 904 3540 948 3590; x_wconf 79' lang='lat'>731</span> <span class='ocrx_word' id='word_1_172' title='bbox 965 3554 1032 3604; x_wconf 87' lang='lat' dir='ltr'>sqq.;</span> <span class='ocrx_word' id='word_1_173' title='bbox 1046 3539 1087 3598; x_wconf 88' lang='lat' dir='ltr'>IV,</span> <span class='ocrx_word' id='word_1_174' title='bbox 1101 3540 1133 3588; x_wconf 76' lang='lat'>25</span> <span class='ocrx_word' id='word_1_175' title='bbox 1147 3553 1199 3602; x_wconf 83' lang='lat' dir='ltr'>sqq.</span> <span class='ocrx_word' id='word_1_176' title='bbox 1216 3540 1256 3601; x_wconf 84' lang='lat'>58,</span> <span class='ocrx_word' id='word_1_177' title='bbox 1271 3539 1324 3589; x_wconf 75' lang='lat'><strong>492.</strong></span> 
     </span>
    </p>

    <p class='ocr_par' dir='ltr' id='par_1_14' title="bbox 239 3611 1360 4036">
     <span class='ocr_line' id='line_1_26' title="bbox 271 3611 1360 3676; baseline 0.001 -16"><span class='ocrx_word' id='word_1_178' title='bbox 271 3613 295 3663; x_wconf 81' lang='lat'>2.</span> <span class='ocrx_word' id='word_1_179' title='bbox 312 3612 366 3660; x_wconf 91' lang='lat' dir='ltr'>Non</span> <span class='ocrx_word' id='word_1_180' title='bbox 392 3613 482 3674; x_wconf 83' lang='lat' dir='ltr'>optime</span> <span class='ocrx_word' id='word_1_181' title='bbox 508 3613 622 3676; x_wconf 78' lang='lat' dir='ltr'>intellego</span> <span class='ocrx_word' id='word_1_182' title='bbox 645 3628 688 3662; x_wconf 87' lang='lat' dir='ltr'>cur</span> <span class='ocrx_word' id='word_1_183' title='bbox 710 3615 735 3661; x_wconf 89' lang='lat' dir='ltr'>in</span> <span class='ocrx_word' id='word_1_184' title='bbox 759 3629 787 3662; x_wconf 94' lang='lat' dir='ltr'>eo</span> <span class='ocrx_word' id='word_1_185' title='bbox 815 3615 868 3663; x_wconf 90' lang='lat' dir='ltr'>loco</span> <span class='ocrx_word' id='word_1_186' title='bbox 898 3616 989 3660; x_wconf 89' lang='lat' dir='ltr'>tantum</span> <span class='ocrx_word' id='word_1_187' title='bbox 1016 3611 1184 3660; x_wconf 89' lang='lat' dir='ltr'>insudaverint</span> <span class='ocrx_word' id='word_1_188' title='bbox 1211 3613 1360 3673; x_wconf 88' lang='lat' dir='ltr'>interpretes</span> 
     </span>
     <span class='ocr_line' id='line_1_27' title="bbox 241 3683 1360 3748; baseline -0.002 -14"><span class='ocrx_word' id='word_1_189' title='bbox 241 3684 274 3743; x_wconf 84' lang='lat' dir='ltr'>(v.</span> <span class='ocrx_word' id='word_1_190' title='bbox 284 3684 365 3733; x_wconf 83' lang='lat' dir='ltr'>varias</span> <span class='ocrx_word' id='word_1_191' title='bbox 379 3685 538 3746; x_wconf 82' lang='lat' dir='ltr'>interpretum</span> <span class='ocrx_word' id='word_1_192' title='bbox 554 3687 708 3748; x_wconf 87' lang='lat' dir='ltr'>opinionesa</span> <span class='ocrx_word' id='word_1_193' title='bbox 722 3686 840 3734; x_wconf 80' lang='lat' dir='ltr'>Fonsroan</span> <span class='ocrx_word' id='word_1_194' title='bbox 855 3689 880 3733; x_wconf 89' lang='lat' dir='ltr'>et</span> <span class='ocrx_word' id='word_1_195' title='bbox 901 3683 1035 3732; x_wconf 84' lang='lat' dir='ltr'>Cournurou</span> <span class='ocrx_word' id='word_1_196' title='bbox 1057 3683 1228 3746; x_wconf 81' lang='lat' dir='ltr'>enumeratas).</span> <span class='ocrx_word' id='word_1_197' title='bbox 1250 3683 1360 3732; x_wconf 81' lang='lat' dir='ltr'>Instau-</span> 
     </span>
     <span class='ocr_line' id='line_1_28' title="bbox 240 3753 1358 3821; baseline -0.002 -15"><span class='ocrx_word' id='word_1_198' title='bbox 240 3760 286 3806; x_wconf 85' lang='lat' dir='ltr'>rot</span> <span class='ocrx_word' id='word_1_199' title='bbox 308 3757 376 3805; x_wconf 84' lang='lat' dir='ltr'>diem</span> <span class='ocrx_word' id='word_1_200' title='bbox 397 3757 473 3805; x_wconf 80' lang='lat' dir='ltr'>donia</span> <span class='ocrx_word' id='word_1_201' title='bbox 495 3772 539 3819; x_wconf 91' lang='lat' dir='ltr'>per</span> <span class='ocrx_word' id='word_1_202' title='bbox 562 3759 683 3820; x_wconf 87' lang='lat' dir='ltr'>quandam</span> <span class='ocrx_word' id='word_1_203' title='bbox 706 3753 1025 3821; x_wconf 76' lang='lat' dir='ltr'>hypallapeneteltipstn</span> <span class='ocrx_word' id='word_1_204' title='bbox 1041 3754 1195 3812; x_wconf 87' lang='lat' dir='ltr'>dictumest,</span> <span class='ocrx_word' id='word_1_205' title='bbox 1212 3768 1256 3817; x_wconf 88' lang='lat' dir='ltr'>pro</span> <span class='ocrx_word' id='word_1_206' title='bbox 1278 3774 1290 3799; x_wconf 65' lang='grc' dir='ltr'>(ι</span> <span class='ocrx_word' id='word_1_207' title='bbox 1307 3757 1358 3804; x_wconf 71' lang='lat' dir='ltr'>ins·</span> 
     </span>
     <span class='ocr_line' id='line_1_29' title="bbox 242 3825 1360 3892; baseline -0.003 -13"><span class='ocrx_word' id='word_1_208' title='bbox 242 3831 335 3879; x_wconf 84' lang='lat' dir='ltr'>taurat</span> <span class='ocrx_word' id='word_1_209' title='bbox 348 3827 419 3877; x_wconf 82' lang='lat' dir='ltr'>dono</span> <span class='ocrx_word' id='word_1_210' title='bbox 432 3842 528 3890; x_wconf 87' lang='lat' dir='ltr'>quoque</span> <span class='ocrx_word' id='word_1_211' title='bbox 543 3829 729 3892; x_wconf 84' lang='lat' dir='ltr'>superveniente</span> <span class='ocrx_word' id='word_1_212' title='bbox 749 3829 799 3879; x_wconf 78' lang='lat' dir='ltr'>die.</span> <span class='ocrx_word' id='word_1_213' title='bbox 818 3846 830 3872; x_wconf 71' lang='lat' dir='ltr'>a</span> <span class='ocrx_word' id='word_1_214' title='bbox 848 3846 859 3872; x_wconf 73' lang='grc' dir='ltr'>α</span> <span class='ocrx_word' id='word_1_215' title='bbox 884 3825 942 3874; x_wconf 80' lang='lat' dir='ltr'>Ello</span> <span class='ocrx_word' id='word_1_216' title='bbox 956 3825 1103 3874; x_wconf 83' lang='lat' dir='ltr'>reneuvelle</span> <span class='ocrx_word' id='word_1_217' title='bbox 1117 3826 1218 3890; x_wconf 77' lang='lat' dir='ltr'>ottoque</span> <span class='ocrx_word' id='word_1_218' title='bbox 1234 3827 1302 3891; x_wconf 81' lang='lat' dir='ltr'>jour</span> <span class='ocrx_word' id='word_1_219' title='bbox 1318 3841 1360 3876; x_wconf 86' lang='lat' dir='ltr'>ses</span> 
     </span>
     <span class='ocr_line' id='line_1_30' title="bbox 239 3897 1359 3965; baseline -0.003 -15"><span class='ocrx_word' id='word_1_220' title='bbox 239 3900 379 3965; x_wconf 78' lang='lat' dir='ltr'>sacrifices.</span> <span class='ocrx_word' id='word_1_221' title='bbox 399 3918 411 3945; x_wconf 89' lang='lat'>»</span> <span class='ocrx_word' id='word_1_222' title='bbox 435 3900 516 3963; x_wconf 86' lang='lat' dir='ltr'>Neque</span> <span class='ocrx_word' id='word_1_223' title='bbox 539 3901 598 3950; x_wconf 89' lang='lat' dir='ltr'>haec</span> <span class='ocrx_word' id='word_1_224' title='bbox 621 3915 675 3949; x_wconf 90' lang='lat' dir='ltr'>cum</span> <span class='ocrx_word' id='word_1_225' title='bbox 699 3905 825 3959; x_wconf 73' lang='lat' dir='ltr'>contextu,</span> <span class='ocrx_word' id='word_1_226' title='bbox 841 3898 880 3946; x_wconf 90' lang='lat' dir='ltr'>vel</span> <span class='ocrx_word' id='word_1_227' title='bbox 895 3912 950 3946; x_wconf 89' lang='lat' dir='ltr'>oum</span> <span class='ocrx_word' id='word_1_228' title='bbox 965 3898 1033 3946; x_wconf 88' lang='lat' dir='ltr'>verbi</span> <span class='ocrx_word' id='word_1_229' title='bbox 1049 3897 1202 3947; x_wconf 82' lang='lat' dir='ltr'>instaurare</span> <span class='ocrx_word' id='word_1_230' title='bbox 1217 3899 1289 3946; x_wconf 87' lang='lat' dir='ltr'>solito</span> <span class='ocrx_word' id='word_1_231' title='bbox 1311 3914 1359 3947; x_wconf 89' lang='lat' dir='ltr'>usu</span> 
     </span>
     <span class='ocr_line' id='line_1_31' title="bbox 240 3969 1259 4036; baseline -0.002 -16"><span class='ocrx_word' id='word_1_232' title='bbox 240 3987 288 4022; x_wconf 91' lang='lat' dir='ltr'>non</span> <span class='ocrx_word' id='word_1_233' title='bbox 303 3971 406 4035; x_wconf 86' lang='lat' dir='ltr'>quadrat</span> <span class='ocrx_word' id='word_1_234' title='bbox 419 3973 595 4036; x_wconf 88' lang='lat' dir='ltr'>interpretatio.</span> <span class='ocrx_word' id='word_1_235' title='bbox 612 3973 695 4030; x_wconf 84' lang='lat' dir='ltr'>Dono,</span> <span class='ocrx_word' id='word_1_236' title='bbox 710 3973 726 4019; x_wconf 86' lang='lat' dir='ltr'>i.</span> <span class='ocrx_word' id='word_1_237' title='bbox 741 3987 762 4022; x_wconf 94' lang='lat' dir='ltr'>e.</span> <span class='ocrx_word' id='word_1_238' title='bbox 779 3970 909 4028; x_wconf 88' lang='lat' dir='ltr'>sacrificia,</span> <span class='ocrx_word' id='word_1_239' title='bbox 925 3970 989 4018; x_wconf 88' lang='lat' dir='ltr'>sicut</span> <span class='ocrx_word' id='word_1_240' title='bbox 1005 3973 1070 4018; x_wconf 84' lang='lat' dir='ltr'>recte</span> <span class='ocrx_word' id='word_1_241' title='bbox 1090 3969 1259 4018; x_wconf 76' lang='lat' dir='ltr'>Wuuomncu.</span> 
     </span>
    </p>

    <p class='ocr_par' dir='ltr' id='par_1_15' title="bbox 271 4040 1358 4108">
     <span class='ocr_line' id='line_1_32' title="bbox 271 4040 1358 4108; baseline -0.003 -15"><span class='ocrx_word' id='word_1_242' title='bbox 271 4043 530 4094; x_wconf 68' lang='lat' dir='ltr'>autumnitanus</span> <span class='ocrx_word' id='word_1_243' title='bbox 551 4049 575 4093; x_wconf 91' lang='lat' dir='ltr'>ct</span> <span class='ocrx_word' id='word_1_244' title='bbox 598 4058 662 4093; x_wconf 89' lang='lat' dir='ltr'>nuno</span> <span class='ocrx_word' id='word_1_245' title='bbox 682 4044 762 4092; x_wconf 85' lang='lat' dir='ltr'>adhuc</span> <span class='ocrx_word' id='word_1_246' title='bbox 781 4043 882 4091; x_wconf 88' lang='lat' dir='ltr'>haerent</span> <span class='ocrx_word' id='word_1_247' title='bbox 904 4041 1050 4103; x_wconf 89' lang='lat' dir='ltr'>interpretes</span> <span class='ocrx_word' id='word_1_248' title='bbox 1072 4041 1097 4089; x_wconf 91' lang='lat' dir='ltr'>in</span> <span class='ocrx_word' id='word_1_249' title='bbox 1118 4043 1163 4089; x_wconf 91' lang='lat' dir='ltr'>boo</span> <span class='ocrx_word' id='word_1_250' title='bbox 1182 4054 1258 4108; x_wconf 57' lang='lat' dir='ltr'>versu⁴</span> <span class='ocrx_word' id='word_1_251' title='bbox 1270 4041 1296 4103; x_wconf 81' lang='lat' dir='ltr'>(i.</span> <span class='ocrx_word' id='word_1_252' title='bbox 1313 4040 1358 4101; x_wconf 90' lang='lat' dir='ltr'>1v,</span> 
     </span>
    </p>
   </div>
   <div class='ocr_carea' id='block_1_13' title="bbox 240 4115 1104 4296">
    <p class='ocr_par' dir='ltr' id='par_1_16' title="bbox 240 4115 1104 4296">
     <span class='ocr_line' id='line_1_33' title="bbox 240 4115 1104 4234; baseline -0.007 -9"><span class='ocrx_word' id='word_1_253' title='bbox 240 4131 265 4167; x_wconf 41' lang='lat' dir='ltr'>v·</span> <span class='ocrx_word' id='word_1_254' title='bbox 280 4115 320 4179; x_wconf 71' lang='grc'>65)</span> <span class='ocrx_word' id='word_1_255' title='bbox 336 4154 341 4165; x_wconf 92' lang='lat'>.</span> <span class='ocrx_word' id='word_1_256' title='bbox 471 4180 531 4222; x_wconf 84' lang='lat' dir='ltr'>Heu!</span> <span class='ocrx_word' id='word_1_257' title='bbox 543 4184 618 4222; x_wconf 86' lang='lat' dir='ltr'>vatum</span> <span class='ocrx_word' id='word_1_258' title='bbox 631 4179 721 4234; x_wconf 83' lang='lat' dir='ltr'>ignarae</span> <span class='ocrx_word' id='word_1_259' title='bbox 736 4180 833 4220; x_wconf 84' lang='lat' dir='ltr'>montes!</span> <span class='ocrx_word' id='word_1_260' title='bbox 851 4175 905 4230; x_wconf 84' lang='lat' dir='ltr'>quid</span> <span class='ocrx_word' id='word_1_261' title='bbox 917 4180 969 4219; x_wconf 86' lang='lat' dir='ltr'>vota</span> <span class='ocrx_word' id='word_1_262' title='bbox 984 4176 1104 4229; x_wconf 78' lang='lat' dir='ltr'>furentem,</span> 
     </span>
     <span class='ocr_line' id='line_1_34' title="bbox 470 4242 739 4296; baseline -0.011 -10"><span class='ocrx_word' id='word_1_263' title='bbox 470 4243 528 4294; x_wconf 87' lang='lat' dir='ltr'>Quid</span> <span class='ocrx_word' id='word_1_264' title='bbox 539 4242 632 4285; x_wconf 85' lang='lat' dir='ltr'>delubra</span> <span class='ocrx_word' id='word_1_265' title='bbox 644 4242 739 4296; x_wconf 77' lang='lat' dir='ltr'>Juvantt</span> 
     </span>
    </p>
   </div>
   <div class='ocr_carea' id='block_1_14' title="bbox 241 4346 1359 4485">
    <p class='ocr_par' dir='ltr' id='par_1_17' title="bbox 241 4346 1359 4485">
     <span class='ocr_line' id='line_1_35' title="bbox 241 4346 1359 4413; baseline -0.003 -15"><span class='ocrx_word' id='word_1_266' title='bbox 241 4352 310 4412; x_wconf 90' lang='lat' dir='ltr'>cujus</span> <span class='ocrx_word' id='word_1_267' title='bbox 322 4352 406 4400; x_wconf 88' lang='lat' dir='ltr'>videre</span> <span class='ocrx_word' id='word_1_268' title='bbox 422 4353 478 4400; x_wconf 88' lang='lat' dir='ltr'>licet</span> <span class='ocrx_word' id='word_1_269' title='bbox 487 4351 552 4413; x_wconf 92' lang='lat' dir='ltr'>apud</span> <span class='ocrx_word' id='word_1_270' title='bbox 567 4350 687 4398; x_wconf 84' lang='lat' dir='ltr'>Fonaroea</span> <span class='ocrx_word' id='word_1_271' title='bbox 697 4353 720 4398; x_wconf 93' lang='lat' dir='ltr'>et</span> <span class='ocrx_word' id='word_1_272' title='bbox 731 4348 867 4397; x_wconf 86' lang='lat' dir='ltr'>Conrnorou</span> <span class='ocrx_word' id='word_1_273' title='bbox 880 4361 950 4409; x_wconf 87' lang='lat' dir='ltr'>quam</span> <span class='ocrx_word' id='word_1_274' title='bbox 962 4346 1044 4396; x_wconf 78' lang='lat' dir='ltr'>variae</span> <span class='ocrx_word' id='word_1_275' title='bbox 1055 4346 1165 4410; x_wconf 80' lang='lat' dir='ltr'>prolatae</span> <span class='ocrx_word' id='word_1_276' title='bbox 1180 4346 1228 4394; x_wconf 89' lang='lat' dir='ltr'>sint</span> <span class='ocrx_word' id='word_1_277' title='bbox 1239 4346 1359 4409; x_wconf 83' lang='lat' dir='ltr'>interpre-</span> 
     </span>
     <span class='ocr_line' id='line_1_36' title="bbox 241 4417 1359 4485; baseline -0.004 -14"><span class='ocrx_word' id='word_1_278' title='bbox 241 4422 353 4472; x_wconf 88' lang='lat' dir='ltr'>tationes.</span> <span class='ocrx_word' id='word_1_279' title='bbox 366 4422 439 4483; x_wconf 54' lang='lat' dir='ltr'>illurn¹</span> <span class='ocrx_word' id='word_1_280' title='bbox 447 4423 560 4485; x_wconf 87' lang='lat' dir='ltr'>equidem</span> <span class='ocrx_word' id='word_1_281' title='bbox 575 4435 629 4470; x_wconf 90' lang='lat' dir='ltr'>esse</span> <span class='ocrx_word' id='word_1_282' title='bbox 644 4434 743 4470; x_wconf 89' lang='lat' dir='ltr'>sensum</span> <span class='ocrx_word' id='word_1_283' title='bbox 758 4419 864 4467; x_wconf 86' lang='lat' dir='ltr'>arbitror</span> <span class='ocrx_word' id='word_1_284' title='bbox 879 4417 959 4481; x_wconf 81' lang='lat' dir='ltr'>(quem</span> <span class='ocrx_word' id='word_1_285' title='bbox 974 4419 1053 4468; x_wconf 84' lang='lat' dir='ltr'>fusius</span> <span class='ocrx_word' id='word_1_286' title='bbox 1068 4417 1209 4480; x_wconf 79' lang='lat' dir='ltr'>explicitum</span> <span class='ocrx_word' id='word_1_287' title='bbox 1226 4417 1289 4475; x_wconf 90' lang='lat' dir='ltr'>volo,</span> <span class='ocrx_word' id='word_1_288' title='bbox 1304 4433 1359 4467; x_wconf 87' lang='lat' dir='ltr'>oum</span> 
     </span>
    </p>
   </div>
   <div class='ocr_carea' id='block_1_15' title="bbox 0 0 1479 5076">
    <p class='ocr_par' dir='ltr' id='par_1_18' title="bbox 0 0 1479 5076">
     <span class='ocr_line' id='line_1_37' title="bbox 0 0 1479 5076; baseline 0 0"><span class='ocrx_word' id='word_1_289' title='bbox 0 0 1479 5076; x_wconf 95' lang='lat' dir='ltr'> </span> 
     </span>
    </p>
   </div>
  </div>
 </body>
</html>
