2940 5076
226 337 266 402 18
680 361 757 407 5555
780 362 886 408 raros.

222 530 346 598 faciem
380 557 421 600 ex
451 535 659 621 imaginihus
690 536 861 604 artificum
893 541 1041 620 constat,
1074 537 1133 626 qui
1161 542 1344 627 poetarum

223 641 379 729 vestigiis
399 644 553 710 cominus
572 645 700 710 instare
718 644 808 712 soliti
828 650 935 711 erant.

268 746 352 814 Illae
371 754 487 817 autem
507 757 586 817 sunt
605 773 727 818 causae
752 775 813 819 cur
836 752 879 818 de
902 752 1055 820 Ariadna
1073 752 1227 839 Vergilio
1247 753 1345 819 dives

224 876 292 920 non
313 858 516 947 suppetierit
535 868 712 952 ψυχολογικὴ
733 866 907 936 διατύπωσις.
929 860 1029 925 Teste
1050 860 1140 925 enim
1160 859 1345 927 Plutarcho

225 960 379 1031 Creticae
412 966 549 1055 puellae
578 988 661 1053 erga
692 966 863 1035 Theseum
891 989 1045 1033 amorem
1079 967 1193 1034 subito
1226 973 1346 1033 natum

225 1090 300 1136 esse
321 1075 354 1137 et
370 1073 549 1156 exarsisse,
568 1097 608 1139 ex
624 1097 692 1163 quo
711 1075 861 1165 primum
878 1078 1093 1163 spectaverat
1105 1075 1164 1140 illa
1179 1074 1346 1161 gladiato·

224 1177 311 1243 riam
330 1178 445 1246 herois
472 1180 721 1273 fortitudinem,
749 1183 880 1272 antiqui
905 1188 1027 1272 poetae
1047 1182 1199 1249 fecerant
1215 1183 1237 1264 ¹,
1260 1181 1346 1248 nihil

224 1288 373 1377 amplius
398 1312 509 1379 neque
534 1289 692 1356 subtilius
718 1290 851 1356 dehoc
875 1313 991 1357 amore
1016 1291 1252 1380 quaerentes².
1274 1290 1345 1357 Nec

224 1393 302 1483 plus
322 1417 461 1485 operae,
482 1401 578 1487 puto,
596 1399 629 1479 in
646 1397 875 1464 describenda
894 1397 1049 1464 desertae
1065 1399 1205 1486 virginis
1221 1398 1344 1488 despe-

223 1502 356 1569 ratione
376 1503 637 1594 impenderant³
655 1525 662 1571 :
680 1506 808 1572 etenim
822 1527 891 1572 non
906 1504 965 1571 diu
979 1506 1023 1573 ab
1035 1506 1189 1573 Ariadna
1204 1527 1343 1596 exspec-

255 1708 278 1758 1.
299 1707 380 1768 Thes,
393 1724 415 1759 c.
431 1722 487 1769 ως
503 1709 584 1769 Drou,
600 1709 641 1770 IV,
654 1709 694 1771 61,
711 1710 736 1760 5.

253 1780 277 1830 2.
296 1781 420 1830 Euarrrurs
432 1781 530 1844 quidem
546 1780 668 1830 Theseum
682 1786 851 1843 composuerat
865 1783 907 1844 (cf.
924 1781 1046 1840 Waousn,
1057 1796 1097 1845 op.
1110 1783 1165 1839 cit,
1180 1797 1205 1844 p.
1220 1781 1266 1830 110
1277 1796 1341 1845 sqq.;

223 1850 356 1912 Waacrraa,
367 1867 392 1915 p.
407 1851 453 1901 133
468 1852 533 1916 sqq.)
545 1853 569 1900 in
582 1867 629 1915 qua
641 1866 699 1901 sane
714 1853 839 1915 tragoedia
853 1853 924 1902 heros
938 1854 968 1901 ab
983 1854 1092 1901 Ariadna
1106 1852 1281 1914 adamabatur;
1299 1854 1342 1903 sed

173 1945 176 1953 ·
223 1937 253 1971 ex
274 1923 323 1971 illis
342 1924 448 1986 primum
472 1939 533 1988 quae
555 1928 687 1985 supersunt
709 1924 851 1986 fragmentis
869 1925 908 1986 (fr.
929 1939 955 1982 n,
975 1939 1008 1982 rv,
1020 1940 1044 1981 v,
1063 1939 1094 1983 rx,
1110 1940 1135 1986 a,
1151 1925 1191 1973 ed.
1208 1926 1342 1987 Waonan),

223 1994 312 2042 deinde
333 2009 362 2043 ea
384 1995 507 2057 Euripidis
532 1995 625 2057 tragica
646 1995 728 2044 indole
749 1993 975 2058 philosophicisque
995 1995 1084 2044 studiis
1105 1997 1284 2058 conjiciendum
1306 2001 1345 2045 cst

223 2067 311 2116 Thesei
327 2069 439 2116 virtutem
452 2081 480 2115 ac
490 2068 633 2130 sapientiam
648 2067 720 2114 multo
735 2068 875 2129 ampliorem
891 2068 915 2115 in
926 2068 968 2115 illa
978 2068 1060 2116 fabula
1073 2068 1151 2116 locurn
1163 2083 1235 2131 quarn
1246 2073 1344 2117 teneros

222 2138 346 2188 Ariadnae
370 2139 472 2188 affectus
491 2139 635 2188 obtinuisse.
658 2138 729 2186 Adde
752 2138 817 2200 quod
840 2138 996 2201 Hippolytum
1018 2154 1122 2202 quoque,
1144 2139 1230 2189 Thesei
1257 2141 1342 2201 hlium,

220 2213 270 2274 jam
285 2220 341 2259 natu
365 2210 530 2273 grandiorem,
547 2224 674 2272 personam
694 2210 717 2257 in
740 2225 769 2258 ea
790 2209 897 2271 gessisse
916 2211 1027 2258 videmus
1047 2211 1086 2273 (fr.
1109 2211 1173 2273 vnr);
1195 2211 1344 2274 chorumque

223 2287 299 2331 toturn
314 2282 473 2345 compositum
490 2283 564 2330 fnisse
581 2296 611 2329 ex
623 2281 820 2330 adolescentibus
835 2282 869 2344 (et
883 2282 965 2329 forsan
980 2281 1178 2343 adolescentulis)
1190 2296 1250 2344 quos
1265 2282 1344 2331 Athe-

223 2355 322 2403 nienses
338 2355 362 2401 15
377 2353 471 2402 Cretam
487 2354 581 2402 mittere
596 2353 706 2401 solebant
720 2352 857 2401 Minotauro
867 2353 1029 2415 objiciendos,
1043 2353 1108 2401 haud
1124 2354 1229 2402 absurde
1239 2354 1345 2416 conjecit

224 2426 355 2475 Waicaaa.
372 2425 442 2473 Unde
457 2425 537 2487 colligi
554 2427 633 2486 potest
647 2430 774 2486 paternum
791 2424 809 2470 T
812 2423 879 2472 besei
895 2438 1010 2482 amorem,
1026 2428 1108 2472 natum
1120 2424 1256 2472 horrendae
1271 2426 1343 2473 morti

224 2500 318 2560 eripere
333 2497 446 2555 volentis,
461 2498 603 2559 tristemque
618 2495 760 2543 devotorum
779 2509 908 2557 puerorum
925 2499 1023 2554 sortem,
1044 2496 1148 2558 denique
1170 2497 1284 2558 injustam
1298 2497 1342 2543 irn-

224 2571 336 2632 piamque
347 2568 499 2617 Cretensium
513 2569 601 2632 legem,
618 2567 749 2630 praecipua
759 2566 833 2615 fuisse
846 2566 986 2628 euripideae
1002 2566 1098 2616 tabulae
1108 2571 1257 2629 argumenta.
1270 2567 1344 2616 Prac-

223 2646 291 2690 terea
305 2640 326 2687 si
342 2659 353 2684 u
369 2638 471 2688 Daedali
483 2639 586 2688 consilio
602 2657 613 2682 u
628 2637 667 2686 vel
683 2656 694 2681 «
711 2637 817 2686 factione
834 2656 845 2680 u
860 2637 941 2699 (sicuti
957 2652 971 2685 5
987 2637 1109 2696 Venarum,
1125 2638 1200 2695 Aea,
1216 2637 1256 2697 Vl,
1273 2637 1303 2687 28
1319 2643 1344 2687 et

224 2725 239 2759 a
259 2710 357 2769 Scauro,
377 2710 405 2758 iu
426 2711 491 2759 Aen.
507 2709 551 2770 Vl,
573 2709 615 2768 11,
636 2710 728 2772 pariter
753 2709 908 2771 memoratur)
932 2708 1051 2756 Theseum
1071 2724 1084 2757 e
1104 2709 1254 2772 Labyrintho
1274 2710 1344 2758 inco-

223 2782 311 2831 lumem
326 2796 451 2844 egressum
466 2782 596 2845 Euripides
610 2786 634 2830 et
648 2782 701 2843 ipse
716 2781 836 2840 finxisset,
848 2785 914 2828 tanto
930 2780 1007 2842 magis
1022 2781 1162 2828 imminutae
1177 2781 1201 2827 15
1216 2781 1344 2843 tragoedia

222 2854 346 2903 Ariadnae
361 2858 442 2916 partes
457 2854 563 2907 fuerunt,
579 2854 707 2915 minusque
730 2852 846 2900 audaciae
869 2855 893 2899 et
914 2852 1065 2900 strenuitatis
1086 2851 1140 2913 ejus
1161 2853 1236 2900 amori
1254 2854 1340 2902 inerat.

224 2925 376 2989 (Quanquam
391 2924 490 2972 Daedali
504 2925 570 2986 apud
585 2924 704 2983 Hraruuu,
725 2923 749 2971 in
765 2923 813 2971 fab.
830 2937 885 2981 ran,
905 2937 983 2985 neque
1005 2923 1069 2986 apud
1092 2924 1226 2983 Drouoaun,
1243 2923 1283 2982 IV,
1300 2924 1341 2984 61,

224 2997 314 3046 nullam
330 2996 380 3044 ueri
396 2996 542 3043 mentionem
559 2995 656 3045 lateant

255 3068 291 3118 Cf.
308 3081 403 3131 quoque
420 3068 449 3114 de
466 3066 590 3128 Euripidis
606 3067 700 3113 Theseo
723 3080 785 3128 quae
810 3066 945 3128 disputavit
965 3065 993 3114 Ο.
1016 3066 1077 3114 Jauu
1102 3067 1151 3128 (op.
1173 3067 1225 3128 cit,
1243 3082 1267 3128 p.
1282 3067 1343 3115 251-

223 3140 289 3204 255).
306 3139 381 3201 Cujus
396 3153 441 3201 ego
456 3139 604 3200 conjecturis
620 3152 667 3185 non
683 3139 780 3185 omnino
796 3137 931 3186 adsentior.
954 3138 1014 3185 Nam
1038 3153 1092 3186 curn
1115 3140 1199 3186 credat
1219 3138 1343 3188 Ariadnae

224 3225 329 3261 aurorem
345 3224 456 3271 magnum
473 3209 595 3265 intabula
610 3209 719 3256 tenuisse
734 3208 820 3266 locum,
842 3209 931 3256 sentiat
953 3212 1032 3257 tamen
1057 3209 1120 3257 bunc
1141 3223 1245 3257 amorem
1266 3210 1342 3258 mutto

224 3284 304 3331 minus
317 3281 450 3345 jucundum
467 3281 542 3328 fuisse
557 3299 569 3324 «
588 3295 659 3328 uena
679 3280 807 3343 [Theseus]
828 3278 869 3328 als
888 3278 1091 3329 Fumifieuoefer
1110 3281 1259 3343 hestrith»
1282 3281 1341 3343 Hip-

224 3354 332 3418 polytum
348 3353 424 3401 fuisse
441 3352 491 3399 vult
509 3366 558 3399 non
572 3351 659 3400 Thesei
683 3351 767 3409 hlium,
784 3352 825 3399 sed
847 3366 877 3399 ex
894 3351 1085 3400 Atheniensibus
1102 3353 1183 3414 pueris
1204 3352 1341 3402 Minotauro

225 3427 314 3475 oblatis
330 3438 412 3473 unum.
428 3424 460 3471 At
473 3437 532 3471 vero
548 3423 638 3471 tradita
653 3423 778 3471 veteribus
793 3422 882 3472 fabulis
903 3429 972 3472 erant
989 3437 1117 3485 puerorum
1137 3424 1223 3471 horum
1243 3425 1343 3473 nomina

223 3497 263 3562 (V.
281 3496 365 3556 Scau,
381 3496 404 3541 in
423 3496 497 3553 Aera,
514 3493 554 3553 Vl,
570 3493 625 3556 21l5
642 3508 703 3556 quae
716 3508 759 3542 cur
771 3493 902 3556 Euripides
913 3499 1004 3542 mutare
1014 3498 1178 3556 opportunum
1194 3496 1340 3555 censuisset,

223 3583 272 3617 non
285 3569 374 3617 video..

255 3639 325 3698 Quod
340 3639 360 3686 si
375 3640 399 3687 in
414 3638 476 3687 alias
486 3638 552 3700 apud
567 3636 673 3687 Graecos
687 3637 786 3686 inducta
800 3638 845 3684 fuit
855 3637 963 3685 Ariadna
973 3637 1110 3698 tragoedias
1126 3638 1158 3699 (e.
1174 3653 1209 3702 g.,
1224 3639 1249 3687 in
1263 3638 1341 3689 Tam·

224 3727 310 3762 555555
328 3710 458 3769 Theseum,
475 3710 505 3758 de
519 3725 567 3773 qno
585 3725 609 3760 ν.
627 3709 748 3768 Wacuca,
764 3723 805 3772 op.
821 3710 877 3766 cit,
897 3723 921 3770 p.
938 3706 1002 3769 116),
1021 3709 1046 3754 15
1064 3710 1095 3756 115
1114 3710 1265 3771 potissimum
1283 3712 1342 3759 des-

224 3785 302 3847 cripta
325 3784 400 3831 fuisse
420 3782 552 3830 verisimile
572 3787 609 3830 est
630 3782 681 3829 sive
702 3781 848 3829 Minotauri
868 3795 881 3828 a
901 3780 995 3827 Theseo
1010 3780 1108 3828 caedem
1127 3781 1225 3843 (Braca,
1243 3798 1266 3845 p.
1284 3783 1340 3842 257,

223 3872 248 3906 n.
263 3855 301 3909 11,
316 3855 385 3909 lanu,
403 3868 426 3914 p.
441 3853 570 3914 251-265);
586 3853 637 3901 sive
649 3853 757 3914 Dionysi
772 3866 825 3900 cum
840 3851 948 3899 Ariadna
959 3864 1070 3899 amores:
1085 3851 1116 3899 de
1128 3867 1175 3914 quo
1190 3853 1246 3902 vide
1261 3853 1341 3904 Xeno-

223 3942 338 3984 raoursu,
364 3925 463 3988 Symp„
484 3924 515 3972 IX
532 3927 612 3988 (quern
627 3925 685 3971 citat
700 3923 781 3980 Emis,
798 3923 982 3984 Commentary
1000 3937 1033 3970 ea
1050 3922 1181 3980 Catullus,
1202 3940 1224 3986 p.
1246 3925 1302 3988 280)
1318 3931 1343 3976 51

223 3999 306 4058 Binan,
322 4011 362 4059 op.
379 3996 430 4057 cit,
444 4012 469 4059 p.
482 3995 536 4056 225,
552 3995 606 4052 238,
622 3994 676 4054 280,
692 4008 716 4042 n.
732 3993 772 4043 21.
783 4020 814 4029 -
828 3993 903 4041 Multo
918 3993 1023 4041 rariores
1037 3995 1136 4043 inventu
1152 4000 1209 4044 suut
1223 3997 1341 4059 imagines

223 4069 292 4127 illae,
313 4069 353 4117 ubi
375 4067 464 4116 Thesei
483 4082 536 4116 cum
556 4066 664 4115 Ariadna
682 4080 777 4114 amores
796 4080 823 4113 ac
843 4065 941 4126 nuptiae
964 4065 1110 4114 refemntur.
1132 4066 1212 4129 (laus,
1232 4084 1255 4130 p.
1277 4069 1340 4130 255;

222 4142 306 4201 Buca,
323 4156 347 4202 p.
358 4138 413 4196 226,
429 4140 459 4188 de
474 4139 538 4202 picto
553 4154 611 4187 vase
626 4138 691 4200 qnod
703 4158 715 4181 ι(
732 4136 931 4195 Errenesis-uase
946 4154 958 4177 u
973 4135 1063 4184 dictum
1076 4141 1127 4197 est3
1143 4154 1167 4200 p.
1183 4139 1237 4199 257,
1249 4155 1274 4189 n.
1291 4140 1342 4205 15.)

254 4212 364 4275 Denique
379 4211 402 4258 15
418 4212 530 4259 55555155
544 4210 683 4258 Latinorum
697 4208 765 4270 poesi
781 4206 868 4254 nullam
885 4205 960 4253 fuisse
975 4208 1065 4255 scimus
1079 4208 1220 4270 Ariadnam,
1238 4211 1285 4259 nisi
1298 4225 1341 4259 co-

223 4284 308 4333 micam
323 4283 450 4345 quamdam
461 4282 609 4345 tragoediam
624 4281 662 4329 vel
678 4280 809 4343 satyricum
826 4278 910 4326 drama
928 4277 1060 4339 Pomponio
1078 4279 1190 4329 Secundo
1205 4281 1339 4333 addictum.

253 4354 276 4404 3.
296 4355 360 4403 lnler
381 4355 493 4417 antiquas
517 4353 644 4416 imagines,
659 4354 697 4399 vel
718 4365 779 4414 quae
798 4351 868 4412 ipsae
888 4353 1027 4411 supersunt,
1050 4351 1089 4398 vel
1110 4365 1172 4412 quae
1187 4352 1217 4401 ab
1233 4353 1340 4416 antiquis

225 4426 386 4491 scriptoribus
406 4426 589 4484 describuntur,
608 4427 636 4472 ut
652 4422 784 4471 Ariadnam
805 4420 933 4469 deflentem
952 4434 1053 4483 paucae,
1076 4422 1110 4470 ita
1127 4422 1260 4473 Ariadnam
1282 4424 1340 4474 dor-
