2940 5076
576 373 673 419 onrur
698 372 872 420 snconnou.
1244 342 1287 409 37

168 548 276 613 tristis
296 553 456 639 apparet;
475 570 584 638 eaque
603 549 681 639 ipsa
695 549 814 631 verba,
834 570 923 638 quae
942 545 1038 613 illam
1055 543 1170 633 eloqui
1185 545 1289 631 poeta

169 653 280 739 lingit,
313 656 360 720 ita
388 678 529 745 prorsus
564 657 733 746 exquisita
761 654 978 722 concinnavit
1007 657 1044 719 ut
1073 649 1288 717 subobscuro

170 761 322 849 quodam
355 762 589 852 languidoque
619 764 732 829 colore
761 763 869 829 nostri
895 760 1092 827 inficiantur
1121 755 1223 837 oculi,
1254 759 1288 820 et

170 869 295 935 surdus
314 871 430 935 nescio
450 872 527 959 quis
548 870 775 937 subaudiatur
793 868 973 957 gemitus¹.

214 976 339 1060 Potuit,
368 977 459 1058 vein,
496 977 701 1065 byzantinus
730 977 918 1044 monachus
949 976 1007 1042 ille
1046 973 1196 1053 Tzetzes,
1226 969 1287 1060 qui

169 1085 354 1175 praecipue
380 1106 523 1171 graecos
544 1091 664 1176 poetas
688 1086 844 1172 legebat,
868 1082 1145 1151 Andromacham
1165 1098 1286 1168 quam·

170 1193 251 1258 darn
289 1191 354 1258 sibi
391 1192 523 1279 fingere
554 1220 570 1254 α
609 1193 776 1274 vividam,
811 1212 987 1281 genasque
1021 1188 1208 1256 habentem
1246 1183 1290 1249 ri-

170 1299 324 1368 dentes².
349 1327 364 1361 n
386 1300 456 1366 Nos
475 1323 558 1367 vero
581 1300 860 1367 Andromacham
884 1299 1057 1364 nobismet
1079 1294 1164 1385 ipsis
1191 1292 1291 1359 aliter

169 1413 431 1496 repracsentare
450 1431 521 1474 non
539 1430 735 1498 possumus
758 1408 823 1474 nisi
836 1405 1014 1496 pallidam,
1034 1401 1175 1489 lugubri
1195 1404 1289 1466 veste

169 1514 342 1597 indutam,
372 1517 591 1599 emaciatam,
615 1515 772 1581 demissis
788 1515 908 1597 oculis,
931 1513 1082 1579 demissa
1109 1531 1204 1575 voce.
1233 1506 1291 1573 At-

170 1644 238 1712 que
254 1623 320 1690 ista
338 1623 481 1705 flebilis,
496 1646 584 1713 quae
600 1628 813 1714 propagatur
823 1623 857 1688 in
870 1641 1006 1703 aevum,
1023 1620 1151 1705 image,
1169 1613 1291 1700 Vergi-

169 1728 282 1796 lianae
297 1732 502 1820 praesertim
515 1730 802 1797 Andromachae³
821 1730 938 1815 imago
958 1733 1020 1794 est.

202 1963 223 2012 1.
242 1961 295 2011 Vid.
311 1964 454 2026 praesertim
467 1965 543 2022 Aen,
559 1963 599 2023 ΙΙΙ,
614 1962 728 2022 aeneai,
743 1961 860 2026 337-343,
875 1960 989 2014 185191,
1005 1960 1042 2009 Ad
1056 1959 1122 2024 quod
1134 1956 1289 2007 efficiendum

170 2034 286 2083 incertior
298 2035 429 2098 aliquando
443 2036 512 2085 verbi
527 2035 652 2097 cujusdam
666 2050 753 2084 sensus
768 2036 862 2084 content
878 2049 884 2082 :
905 2053 917 2078 «
938 2037 963 2083 et
982 2031 1089 2098 tanqam
1103 2028 1288 2079 Andromachae

169 2108 290 2155 testentur
302 2120 416 2156 amorem.
434 2126 446 2150 ι)
460 2133 492 2143 -
506 2106 581 2165 Quem
596 2106 693 2169 quidem
707 2121 807 2155 versum
821 2107 868 2154 alio
886 2105 957 2154 modo
973 2105 1014 2153 alii
1030 2103 1171 2166 explanant.

201 2176 225 2227 2.
243 2176 342 2225 Tzerzss
356 2175 568 2237 (Posthomerica,
589 2176 732 2242 aas-met:
753 2175 916 2243 Ἀνδρομάχη
932 2174 988 2234 δ’ὡς
1011 2176 1091 2232 αὕτως
1106 2174 1133 2237 (i.
1154 2187 1177 2222 e.
1194 2170 1290 2238 ἥσυχος

171 2252 286 2311 tanquam
299 2249 407 2314 Hecuba)
416 2250 494 2314 γοργὴ
509 2244 574 2312 etv,
588 2247 713 2314 μεσοήλιξ,

418 2391 560 2456 Μάκροψις,
576 2390 711 2458 χαρίεσσα,
726 2390 823 2456 παρήϊα
838 2390 914 2457 δἐΙχε
927 2394 1046 2456 γελῶντα.

203 2533 239 2584 Cl.
255 2534 364 2583 isaacum
380 2535 622 2594 Poarnrseoausrou,
638 2534 663 2582 in
675 2535 792 2598 opusculo
807 2535 871 2599 ssepi
885 2543 934 2585 τῶν
951 2534 1161 2598 καταλειφθέντων
1177 2529 1226 2585 ὑπὸ
1246 2537 1290 2582 τοῦ

173 2604 298 2670 Ὀμήρου,
314 2606 449 2655 Ponsuosrs
464 2605 705 2655 Declamationibus
719 2607 750 2654 ab
767 2606 794 2654 ΙΙ.
813 2607 889 2654 Hrsca
905 2607 979 2654 editis
993 2606 1116 2669 adjuncto,
1130 2619 1154 2668 p.
1170 2603 1209 2653 86.
1242 2620 1247 2625 ·

204 2675 241 2727 Cf.
254 2677 284 2725 de
295 2677 480 2726 Andromachae
494 2678 558 2726 tristi
574 2677 666 2738 habitu,
684 2676 797 2739 Ov1muu‚
810 2678 842 2728 A.
857 2692 919 2736 um„
929 2677 973 2734 111;
983 2677 1132 2736 Plestina,
1146 2677 1163 2727 l.
1174 2674 1206 2735 X,
1219 2689 1241 2723 e.
1250 2675 1291 2734 25,

170 2748 240 2808 9-10,
256 2754 279 2797 et
293 2749 407 2798 Datamen
423 2750 561 2809 Puerorum,
577 2749 607 2797 12
625 2764 630 2796 :
648 2769 660 2793 «
676 2749 871 2799 Andromacham
887 2749 964 2797 oeulis
980 2748 1064 2809 claris,
1081 2749 1218 2810 candidam,
1238 2747 1292 2795 lon·

171 2833 235 2882 gam,
252 2819 390 2880 tormosam,
406 2821 548 2878 modestam,
565 2820 708 2882 sapientem,
724 2821 847 2882 pudicam,
863 2820 987 2870 blandam.
1008 2839 1019 2863 υ
1034 2847 1066 2856 -
1081 2819 1117 2868 ct.
1137 2819 1168 2868 de
1189 2818 1291 2868 Andro-

170 2890 272 2939 machae
286 2891 311 2938 in
325 2892 432 2954 antiquis
446 2891 607 2939 monumentis
623 2892 709 2955 ligura,
727 2891 918 2954 Wrucumuius,
934 2892 1002 2940 Mon.
1018 2891 1100 2950 ised„
1114 2900 1155 2939 n⁰¹
1167 2889 1220 2952 135,
1236 2888 1290 2948 137,

171 2966 233 3021 eto.;
249 2962 345 3021 Musas,
361 2977 420 3023 cnv3
438 2964 522 3023 Brenn,
539 2963 650 3012 Accient
664 2963 781 3026 Pottem,
798 2978 822 3026 p.
835 2964 890 3022 268,
904 2962 960 3022 311,
976 2968 1023 3014 etc.

202 3033 228 3083 3.
244 3051 256 3078 «
276 3033 420 3083 Praesertim
441 3053 453 3077 »
469 3035 575 3096 inquam,
590 3035 648 3097 quia
661 3035 712 3097 jam
728 3035 753 3082 in
774 3033 858 3084 Iliade
875 3034 961 3098 (XXII,
982 3034 1037 3094 742,
1057 3034 1113 3097 745)
1125 3037 1230 3098 quantus
1241 3034 1295 3101 Ani

173 3103 322 3154 dromachae
336 3105 416 3167 dolor,
431 3120 551 3169 quamque
566 3106 630 3154 altus
646 3106 678 3154 sit
692 3119 721 3155 ae
735 3106 777 3154 din
791 3121 921 3155 mansurus
936 3106 1118 3156 subindicatum
1132 3110 1169 3154 eat
1185 3121 1191 3153 :

485 3250 541 3313 ἐμοὶ
557 3249 700 3313 diudicetur
713 3246 851 3314 λελείψεται
866 3249 941 3314 ἄλγεα
955 3247 1042 3314 λυγρά,

535 3316 625 3379 νύκτας
641 3339 667 3371 τε
680 3321 725 3371 καὶ
739 3318 824 3384 ἥματα
839 3322 1023 3387 δακρυχέουσα,

207 3461 330 3526 Vergilius
345 3464 447 3527 perfecit
462 3464 592 3528 imaginem
606 3464 637 3513 ab
652 3463 757 3512 Homero
772 3478 820 3512 una
834 3463 999 3513 tautummodo
1013 3464 1078 3512 linea
1092 3464 1251 3526 designatam.
