2940 5076
634 371 732 419 clear
758 374 906 419 ramma.
1288 352 1331 418 47

212 567 410 634 quanquam
436 545 560 628 Diana,
592 569 741 636 quacum
764 548 885 615 eodem
915 549 950 617 in
979 548 1055 616 loco
1089 553 1327 639 comparatur,

160 694 162 699 -
210 653 374 743 nymphis
394 653 606 721 circumdata
627 658 699 722 est¹
722 678 738 724 :-

722 863 812 916 quam
828 818 912 904 millo
926 855 1044 904 secutae

398 929 472 981 Hinc
486 935 576 995 atquo
589 931 660 983 hinc
678 931 878 997 glomerantur
892 931 1050 986 Oreades...

211 1098 394 1188 Displicuit
422 1103 538 1167 autem
567 1101 649 1168 olim
679 1101 886 1190 quibusdam
916 1101 1010 1191 quod
1038 1101 1163 1168 Didoni
1199 1101 1328 1167 nullam

212 1205 348 1271 adstare
360 1207 524 1273 feminam
538 1207 711 1294 Vergilius
722 1209 876 1275 finxisset
891 1231 898 1277 :
911 1210 1074 1299 quoniam
1086 1209 1177 1275 enim
1190 1207 1330 1275 Cartha-

210 1314 282 1400 gini
296 1315 351 1380 vix
372 1314 528 1381 conditae
548 1315 723 1382 theatrum
737 1316 863 1382 latinus
879 1322 981 1406 poeta
996 1316 1163 1406 impertit,
1181 1339 1242 1383 cur
1260 1339 1329 1382 non

211 1422 393 1510 optimates
412 1445 550 1511 quoque
571 1428 757 1505 matronas,
779 1429 944 1513 tanquam
964 1425 1091 1491 amicas
1117 1428 1150 1490 et
1169 1424 1324 1505 ancillas,

210 1527 341 1606 Elissae
362 1528 482 1594 dedit?
502 1531 621 1619 Neque
642 1532 733 1597 enim
753 1533 893 1616 gravius
911 1530 978 1597 hoc
997 1531 1057 1596 illo
1075 1530 1329 1597 fuissetadver-

210 1657 268 1702 sus
287 1638 686 1727 rerumpraeteritarum
707 1639 888 1704 veritatem
906 1644 1097 1727 peccatum.
1388 1635 1391 1641 ’

254 1740 384 1808 Verum
403 1784 444 1792 -
468 1743 507 1834 (si
529 1743 612 1833 quid
627 1745 730 1811 modo
750 1745 784 1810 in
803 1744 869 1811 hoc
888 1744 1062 1830 Vergilius
1083 1743 1235 1810 haesisse
1263 1766 1327 1834 pu·

208 1847 333 1913 tandus
354 1849 424 1939 sit),
441 1889 485 1899 —
503 1873 617 1917 nonne
637 1851 853 1917 artificiosius
873 1851 937 1917 fuit
961 1851 1093 1918 solam²
1112 1850 1177 1917 hoc
1201 1851 1236 1916 in
1252 1850 1327 1916 loeo

208 1955 308 2021 nobis
336 1957 507 2023 Didonem
536 1958 804 2047 repraesentari,
839 1958 1066 2025 obscurorum
1097 1959 1245 2024 militum
1274 1981 1328 2045 ca-

207 2052 304 2128 terva
332 2064 477 2130 cinctam
517 2059 664 2154 quorum
696 2064 824 2130 nullius
855 2086 997 2154 prorsus
1027 2065 1181 2130 meminit
1206 2071 1347 2154 poeta,

205 2169 273 2234 nisi
291 2169 412 2255 Bitiae,
436 2174 566 2238 strenui
586 2194 680 2253 sane,
701 2173 889 2238 rusticioris
909 2195 992 2238 varo
1012 2172 1121 2255 ducis,
1144 2173 1203 2262 qui
1224 2199 1240 2233 α
1262 2173 1327 2238 im-

205 2277 304 2369 pigre
329 2307 344 2340 u
365 2280 527 2368 poculum
551 2279 689 2347 haurire
714 2279 825 2347 solet?
843 2277 1110 2345 Oblectamentis
1129 2280 1213 2361 illis,
1238 2302 1326 2369 quae

206 2407 224 2450 e
249 2385 409 2452 muliebri
437 2393 537 2454 coetu
564 2393 744 2476 petuntur,
775 2389 910 2478 privata
929 2386 1017 2452 Dida
1037 2393 1104 2468 est,
1126 2388 1325 2477 privarique

206 2493 334 2561 dolet³.
356 2495 545 2561 Delicatam
573 2496 664 2561 enim
688 2501 911 2586 teneramque
945 2495 1049 2560 animi
1086 2494 1325 2584 excultamque

204 2602 334 2689 ingenii
350 2603 530 2669 mulierem
550 2603 719 2669 barbarae
740 2603 829 2669 inter
849 2602 953 2668 duros
974 2602 1225 2667 commilitones
1235 2602 1324 2667 vitae

205 2710 358 2777 taedium
383 2711 498 2777 subire
528 2733 591 2801 par
620 2715 687 2791 est,
717 2733 830 2799 neque
861 2732 1006 2800 parvum
1034 2708 1182 2778 solitudo
1208 2709 1325 2775 incita-

204 2822 359 2883 mentum
380 2817 422 2883 ad
443 2839 597 2883 amorem
615 2816 736 2883 afferre
758 2817 878 2882 solet'*.

249 2923 339 2990 Illud
359 2947 497 3014 quoque
518 2925 617 2990 docte
637 2929 793 2990 notatum
813 2924 892 3006 luit,
914 2925 948 2989 in
976 2923 1042 2989 hac
1067 2923 1170 2989 etiam
1195 2922 1324 2989 alaudi-

203 3054 283 3098 care
311 3031 454 3098 Didonis
483 3053 560 3097 cum
590 3030 699 3098 Diana
727 3031 1054 3122 comparationeml,
1096 3029 1188 3119 quod
1225 3030 1323 3116 virgo
1356 3107 1362 3117 ,

202 3139 313 3207 Diana
332 3140 387 3219 sit,
408 3138 496 3205 Dido
521 3129 603 3204 vero
630 3144 738 3229 nupta
765 3139 910 3204 fuerit...
943 3136 1011 3204 Sed
1041 3142 1074 3202 et
1095 3136 1181 3202 illud
1210 3137 1323 3226 ipsum
1378 3204 1381 3211 ,

203 3246 456 3313 consideratum
477 3245 750 3334 meditatamque
766 3245 921 3332 Vergilio
940 3245 1045 3311 fuisse
1065 3243 1235 3330 conjicere
1254 3266 1321 3309 non

202 3353 394 3420 absurdum
415 3358 477 3420 est.
501 3352 585 3420 Cum
605 3353 696 3418 enirn
717 3345 901 3420 coelesteni
921 3352 1131 3418 venatricem
1154 3372 1231 3416 cum
1260 3373 1323 3416 au-

235 3567 257 3616 1.
274 3566 369 3616 Gnurre
382 3567 486 3631 (Minae,
502 3582 525 3630 p.
540 3565 595 3629 213)
610 3580 659 3614 non
674 3566 745 3614 aliam
760 3581 857 3615 causam
871 3566 941 3614 affert
954 3565 1080 3627 rejiciendi
1098 3568 1152 3614 octo
1167 3565 1223 3612 illos
1236 3578 1322 3613 versus

202 3638 331 3702 (aaa-505)
346 3654 417 3702 quam
430 3639 531 3701 hujusce
546 3638 735 3700 comparationis
747 3638 957 3688 claudicationem.

233 3711 258 3760 2.
275 3710 311 3759 Cl.
329 3710 392 3759 inira
406 3711 436 3758 de
451 3710 502 3773 illo,
518 3724 565 3774 quo
580 3708 705 3772 Vergilius
720 3709 839 3758 Didonem
857 3711 921 3758 affici
936 3709 1001 3768 iecit,
1024 3728 1035 3753 u
1060 3709 1200 3758 solitudinis
1221 3727 1233 3752 u
1253 3708 1322 3771 quasi

202 3785 277 3832 metu.

232 3853 256 3902 3.
272 3853 399 3917 ingeniose
414 3853 505 3915 Heunr,
521 3853 659 3913 Aeacidae,
676 3853 695 3913 l,
709 3851 824 3914 850-851,
840 3855 870 3902 de
889 3857 961 3903 cantu
981 3853 1052 3916 lopae
1072 3853 1095 3900 in
1116 3851 1219 3900 Didonis
1240 3852 1323 3900 couvi-

201 3925 242 3973 vio
258 3939 263 3972 :
278 3944 290 3969 «
309 3923 357 3974 Tire
370 3923 440 3974 calm
459 3924 512 3974 aad
528 3922 725 3988 philosophicai
742 3923 846 3988 subject
868 3925 900 3987 ef
917 3916 1003 3988 lopaa'
1016 3937 1080 3988 sorry
1095 3924 1229 3971 coatrasts
1243 3921 1322 3986 fiuely

201 3995 265 4046 with
286 3995 329 4046 tae
350 3995 508 4061 subsequam
529 3997 658 4045 romantio
679 3995 735 4044 aad
755 3997 872 4059 ercitiaq
897 3996 1031 4045 narrative
1050 3996 1083 4058 ef
1098 3994 1207 4042 Aeaeae.
1225 3994 1254 4042 ln
1272 3993 1324 4042 thir

201 4071 309 4131 respect,
325 4082 355 4117 aa
367 4070 393 4116 in
404 4083 431 4116 se
443 4082 521 4130 many
532 4067 630 4123 others,
647 4066 731 4130 Vir9it
744 4067 794 4115 tras
804 4066 936 4130 improved
950 4081 1020 4130 upon
1036 4065 1078 4114 aa
1094 4068 1191 4113 master
1205 4065 1323 4126 (Homer)

202 4137 259 4187 eolre
273 4138 381 4202 malitia
397 4138 438 4187 liis
457 4137 577 4187 arinelrel
591 4139 650 4202 aine
664 4136 720 4185 aad
734 4137 774 4185 leis
789 4137 850 4186 tera
867 4136 913 4186 teli
927 4137 1058 4200 similarly
1072 4135 1202 4184 romantio
1220 4135 1321 4191 storias,

203 4208 270 4259 lasea
285 4209 330 4258 the
341 4210 492 4273 advanteqe
508 4211 541 4271 ef
551 4211 678 4257 contrast.
697 4227 708 4251 n

233 4280 256 4329 4.
274 4280 310 4329 cf.
326 4282 400 4340 Aera,
415 4279 454 4341 IV,
471 4279 585 4340 ‘rddidi
601 4279 646 4327 551
663 4283 686 4327 et
700 4279 763 4327 intra
777 4293 819 4341 pp.
834 4279 914 4329 51-52.

131 4388 141 4409 ,
232 4353 255 4400 5.
270 4351 305 4402 Cl.
321 4366 350 4401 ea
364 4367 426 4415 quae
440 4353 505 4415 apud
521 4352 649 4409 Formam,
667 4351 691 4398 in
708 4350 782 4417 rtem,
798 4349 816 4410 l,
829 4349 882 4411 499,
895 4349 1039 4410 Comuarou,
1052 4349 1127 4409 teia,
1141 4348 1195 4408 498,
1212 4348 1321 4411 aliosque

203 4426 405 4473 commentatores
422 4424 537 4473 citantur.
