2940 5076
253 360 316 427 130
671 380 747 425 rins
770 380 953 426 rosruaion.

249 577 331 622 nere
352 536 549 622 extrahere¹
571 559 724 636 conatur,
752 577 815 621 nec
843 555 909 621 nisi
934 555 1098 622 delicians
1123 554 1278 621 habenas
1306 556 1370 621 irn-

250 663 365 745 mittit,
395 662 439 728 ad
466 668 663 752 terramque
684 689 700 723 «
722 685 789 728 non
810 667 932 753 sponte
953 662 1028 728 fluit
1049 690 1064 724 u
1088 663 1186 752 quasi
1205 663 1294 728 mori
1314 685 1372 729 cu·

249 771 322 861 piat
343 770 466 836 bellico
486 793 575 860 equo
595 770 776 836 considens
792 770 815 836 ⁹.
839 769 914 835 Non
934 769 1006 851 illa,
1029 771 1116 836 sicut
1143 769 1237 860 apud
1267 768 1373 850 Quin-

249 881 323 943 tum
343 876 561 943 Penthesilea
570 878 595 961 ³,
614 877 787 943 desiderio
802 877 888 943 lucis
913 878 1011 943 citius
1034 878 1179 943 amissae
1200 876 1371 944 adficitur.

250 983 344 1048 Nihil
362 983 468 1064 aliud,
490 984 640 1050 animam
661 984 829 1062 efflatum,
852 982 1018 1072 quamde
1043 982 1135 1049 hello
1155 983 1299 1068 cogitat3
1322 982 1375 1048 ul·

248 1091 371 1156 timum
389 1091 556 1157 verbum*
576 1096 639 1174 est,
661 1091 704 1157 de
724 1089 947 1173 arcessendo,
971 1094 1009 1155 ut
1028 1110 1165 1179 pugnae
1194 1087 1371 1168 succedat,

249 1196 380 1280 Turno;
404 1198 592 1288 ultimoque
614 1204 708 1263 motu

726 1405 808 1444 arma
823 1391 992 1456 relinquitl.

294 1564 432 1631 Nullam
459 1564 619 1653 equidem
640 1565 673 1628 in
703 1563 951 1652 cujuscumque
983 1563 1060 1629 aevi
1090 1561 1234 1652 poeticis
1259 1560 1376 1650 operi·

248 1670 326 1751 bus,
349 1710 392 1719 —
412 1671 474 1736 nisi
494 1671 635 1737 forsitan
657 1673 690 1736 in
712 1671 859 1736 heroicis
886 1669 1079 1738 Suevorum
1099 1674 1158 1735 aut
1183 1668 1375 1736 Germano·

248 1799 324 1842 rum
346 1775 561 1844 Saxonumve
582 1779 767 1862 cantibus⁶‚¹
779 1817 813 1826 -
828 1783 896 1843 tam
917 1779 1087 1843 sincerum
1103 1776 1286 1858 exstitisse,
1300 1779 1374 1840 tarn

248 1884 423 1971 integrum
452 1891 497 1965 et,
519 1891 557 1951 ut
583 1886 631 1951 ita
659 1885 788 1968 dicam,
812 1907 981 1951 merum«
1006 1883 1192 1949 bellatricis
1214 1910 1230 1943 a
1253 1902 1373 1948 exem-

247 1991 334 2081 plar,
366 2015 471 2081 quarn
496 1993 556 2058 illa
580 1992 787 2080 aVergiliq
819 2020 834 2051 ι(
866 1992 1070 2059 suavissimo
1103 1995 1206 2080 poeta
1240 2016 1259 2050 a
1291 1988 1373 2054 des-

248 2100 359 2188 cripta
378 2122 542 2190 persona;
565 2101 619 2166 cui
639 2100 779 2190 quidem
797 2121 877 2166 vere
898 2098 1058 2165 idoneum
1080 2120 1204 2164 nornen
1225 2101 1372 2186 aposta

247 2206 323 2296 ipso
338 2208 549 2297 impositum,
563 2229 641 2273 cum
656 2208 700 2274 ah
721 2207 968 2298 coappellatur
983 2233 999 2266 ι(
1012 2205 1185 2272 horrenda
1195 2205 1294 2290 virgo
1305 2205 1329 2270 ⁷.
1352 2231 1369 2267 »

278 2429 301 2481 1.
317 2430 391 2490 Aen,
406 2431 448 2512 lii,
463 2430 518 2481 816.
545 2456 575 2467 -
598 2430 670 2493 Apud
694 2431 799 2490 Quisrnu
814 2430 847 2492 (l,
863 2430 919 2489 655)
939 2429 1047 2480 Achilles
1065 2429 1140 2478 telum
1161 2443 1174 2477 e
1194 2427 1370 2478 Penthesileae

246 2502 509 2636 collodiuidailriinrnu
524 2573 552 2637 (l,
567 2573 623 2637 628)
639 2573 793 2622 Penthesilea
808 2587 861 2622 cum
887 2574 963 2637 magis
981 2573 1085 2621 feminea
1103 2572 1269 2635 languideque
1285 2571 1368 2620 molli-

243 2643 277 2724 tia
292 2645 365 2693 cudit.
381 2645 416 2693 De
428 2660 476 2709 qno
491 2646 540 2696 vid.
558 2645 749 2704 Sumessnuve,
767 2646 882 2706 Quintus
903 2644 934 2694 dc
949 2644 1058 2707 Smyrne
1073 2648 1097 2692 et
1116 2643 1304 2703 Consumitur,
1321 2659 1364 2707 op.

241 2718 296 2835 midi
304 2715 459 2847 ρΟῗιίὅτυὶῗᾳΙ,
472 2787 518 2837 cot
533 2802 586 2851 sqq.

270 2857 294 2904 i.
310 2860 386 2920 Aen,
398 2859 440 2916 Xl,
451 2858 565 2908 sta-827.

269 2927 293 2978 5.
309 2930 383 2988 Aen,
399 2929 441 2988 xi,
457 2929 511 2979 830.
534 2929 648 2993 Spurium
661 2930 755 2991 judicat
775 2930 918 2978 Perannaue
940 2943 988 2977 non
1012 2929 1090 2977 solum
1111 2928 1280 2990 insequentem
1302 2942 1360 2979 ver·

239 3013 292 3047 sutn
309 3015 315 3050 2

489 3072 582 3127 Vitaque
595 3084 644 3115 curn
657 3072 740 3127 gemitu
754 3071 811 3125 sugit
823 3072 935 3126 indignata
949 3071 992 3112 sub
1005 3070 1105 3124 umbras,

237 3221 308 3270 quem
323 3207 504 3270 grammaticum
523 3209 643 3268 quendam
659 3207 698 3255 vel
713 3226 724 3250 a
742 3208 855 3256 lectorem
875 3207 1004 3255 otiosum»
1023 3220 1035 3254 e
1053 3205 1106 3264 XII,
1123 3204 1170 3254 952
1188 3205 1236 3254 huc
1252 3209 1361 3256 transtu-

236 3279 295 3326 lisse
311 3293 358 3326 non
373 3292 448 3340 nego;
460 3306 489 3313 -
503 3279 546 3326 sed
563 3283 588 3326 et
602 3280 692 3341 prioris
707 3280 795 3327 finem:
814 3298 826 3323 «
839 3293 906 3327 arma
914 3279 1055 3341 relinquens
1070 3296 1081 3321 »
1094 3291 1165 3340 quem
1181 3282 1278 3339 egomet
1290 3279 1361 3327 desi-

237 3350 328 3400 derabo
345 3351 365 3398 si
381 3350 542 3412 interpolatus
557 3351 737 3400 demonstratus
747 3351 800 3399 erit.
810 3377 841 3388 -
855 3351 949 3398 Probus
960 3365 988 3397 ac
1005 3349 1107 3397 forsitan
1123 3349 1232 3396 Donatus
1245 3348 1361 3411 legebant

236 3420 401 3485 relinquunt,
420 3421 453 3468 ita
468 3425 547 3469 tamen
569 3423 720 3483 explicantes
742 3423 808 3471 velut
823 3423 843 3470 si
860 3423 973 3485 passivus
991 3422 1061 3469 verbi
1081 3435 1168 3469 sensus
1183 3423 1250 3468 esset
1270 3434 1300 3468 ac
1315 3435 1359 3469 va-

236 3494 297 3542 leret
310 3493 370 3541 illud
383 3507 458 3554 aeque
477 3506 505 3540 ac
519 3512 530 3537 «
547 3494 690 3542 ceciderunt
706 3508 780 3543 arma.
796 3512 808 3536 »
828 3493 988 3558 delinquens
1002 3491 1075 3543 codd.
1090 3493 1236 3554 superstites
1251 3492 1360 3555 (praeter

237 3564 369 3613 Romanum
383 3578 389 3612 :
405 3562 534 3628 reliquit).
549 3563 639 3612 Neutra
653 3565 727 3627 igitur
737 3565 822 3612 harum
839 3566 986 3614 variantium
1001 3564 1133 3612 lectionum
1147 3577 1235 3612 sensus
1250 3577 1359 3612 commu-

235 3638 300 3685 niter
313 3640 426 3697 receptus
441 3640 546 3684 mutatur
560 3635 606 3698 (ct.
622 3637 738 3685 Foneruea
751 3641 775 3685 et
789 3637 1106 3698 Conscius-linricusurr.)

265 3707 289 3756 6.
304 3708 378 3764 Aera,
394 3706 436 3764 Xl,
453 3705 498 3755 507
515 3721 521 3754 ι
536 3707 633 3755 Turnus
648 3709 676 3755 nil
695 3708 763 3768 haec,
779 3708 864 3756 oculos
879 3709 1001 3757 horrenda
1017 3709 1042 3756 in
1057 3708 1152 3771 virgine
1169 3707 1275 3754 tirus-
1289 3705 1355 3757 66⁴:

235 3777 310 3836 Quem
322 3778 368 3826 telo
384 3778 495 3840 primum,
510 3793 581 3840 quern
597 3785 855 3841 postremum,aspe1·a
870 3781 947 3842 virgo,
964 3779 1073 3841 Dejicis‘l
1087 3806 1116 3815 —
1133 3779 1198 3826 Licet
1211 3779 1357 3828 admiratio-

233 3864 287 3898 nem
302 3864 398 3912 quoque
413 3854 436 3897 et
450 3851 630 3898 venerationem
645 3854 744 3899 verbum
757 3871 768 3895 κ
788 3852 926 3900 horrendus
941 3871 952 3895 a
968 3850 1089 3899 interdum
1110 3851 1240 3912 significet,
1255 3851 1356 3913 saepius

232 3925 311 3969 tamen
327 3921 436 3968 adiectus
451 3935 493 3968 eos
506 3921 606 3979 indicat,
622 3936 682 3985 qnos
699 3924 787 3984 gallico
803 3924 877 3971 verbo
893 3943 904 3967 u
921 3923 1032 3971 torreor
1047 3940 1059 3966 n
1075 3922 1250 3984 intellegimus.
1318 3973 1321 3978 ,

264 3993 287 4042 7.
303 3991 330 4040 E.
346 4006 379 4054 g.,
396 3991 541 4055 Brynhitd.
561 3991 681 4042 Gudrun.
