2940 5076
232 344 275 412 30
686 366 761 411 mas
786 366 892 411 aaron.

277 539 540 606 Andromachae
560 563 641 606 vero
661 541 695 605 in
715 539 875 606 secundis
890 538 1005 604 verbis
1018 538 1072 604 bis
1089 536 1178 602 redit
1193 535 1354 602 Hectoris

233 668 380 729 nomen,
400 646 651 736 quodquidam
673 649 821 737 primum
842 648 941 738 quasi
961 646 1113 712 clausula
1135 643 1356 734 responsioni

235 753 310 840 ejus
331 752 376 820 ad
395 753 547 821 Aeneam
565 755 755 844 imponitur
778 778 785 823 :

375 950 449 1013 Quid
466 964 538 1016 puer
551 952 727 1004 Ascaniusi.
737 991 758 1003 ..

375 1031 485 1094 Ecquid
501 1032 531 1082 in
546 1034 699 1098 antiquam
714 1032 854 1086 virtutem
870 1032 1043 1097 animosque
1056 1031 1158 1085 viriles

376 1116 411 1165 Et
424 1118 507 1178 pater
517 1115 631 1166 Aeneas
646 1119 676 1167 et
691 1115 855 1167 avunculus
868 1115 979 1166 excitat
994 1114 1089 1163 Hector
1101 1116 1113 1162 r

239 1283 295 1351 Sic
315 1289 429 1350 autem
449 1307 631 1351 monemur
653 1309 757 1375 quam
782 1286 897 1352 vivida
922 1307 1029 1374 usque
1053 1285 1210 1350 foveatur
1232 1284 1278 1350 ab
1297 1283 1360 1350 illa

238 1391 363 1481 prioris
377 1393 491 1458 mariti
511 1392 712 1475 admiratio;
735 1399 837 1483 atque
857 1393 924 1467 hic,
941 1392 1093 1464 honoris.
1106 1396 1144 1457 ut
1163 1392 1211 1457 ita
1229 1389 1359 1472 dicam,

239 1520 342 1564 causa
360 1499 571 1565 mentionem
590 1500 727 1566 Aeneae
746 1500 843 1583 lacit,
871 1523 910 1566 ac
931 1500 1075 1566 forsitan
1095 1497 1250 1565 consulto
1277 1497 1363 1563 ulti-

239 1627 332 1671 mum
352 1607 507 1672 nominat
521 1606 716 1691 Hectorem,
739 1629 912 1673 summum
928 1613 1095 1695 tanquam
1114 1610 1148 1671 et
1166 1605 1364 1695 perlectum

238 1712 383 1779 bellicae
402 1713 612 1780 fortitudinis
633 1715 819 1805 exemplar.

284 1819 430 1901 Quando
450 1820 599 1910 denique
618 1822 755 1888 Aeneae
775 1822 1020 1889 Andromacha
1039 1822 1247 1909 digredienti
1266 1819 1364 1888 vale-

240 1929 334 2006 dicit,
357 1933 437 1994 tunc
457 1952 595 2018 quoque
620 1929 715 1995 illam
736 1931 904 2020 seipsam
928 1931 1105 2020 appellare
1134 1956 1150 1989 «
1176 1927 1365 2015 conjugem

240 2037 437 2103 hectoreanr
455 2063 484 2118 u,
502 2033 683 2127 praesente
704 2038 849 2120 Heleno,
862 2037 1036 2125 Vergilius
1052 2038 1133 2104 facit
1149 2059 1156 2106 :
1175 2059 1244 2126 quo
1264 2058 1365 2124 aper-

240 2145 308 2210 tius
334 2143 436 2209 etiam
462 2143 675 2229 significetur
699 2166 774 2210 eam
799 2145 964 2224 duorum,
986 2168 1075 2235 quae
1099 2148 1221 2234 postea
1243 2171 1258 2202 «
1280 2165 1365 2232 per-

243 2251 322 2317 tulit
343 2280 373 2332 »,
396 2249 623 2317 conubiorum
641 2253 740 2341 quasi
759 2252 915 2319 oblivisci
935 2251 1056 2318 velle¹.
1301 2230 1306 2243 ⁴

288 2357 357 2424 Sed
376 2380 417 2423 ea
435 2358 511 2446 ipsa
530 2358 646 2424 omnia
663 2357 818 2445 Vergilio
839 2359 920 2425 satis
941 2380 1015 2424 esse
1035 2381 1104 2424 non
1122 2356 1297 2425 videntur.
1319 2357 1367 2424 Ut

243 2465 378 2531 odiosas
399 2466 537 2554 nuptias
556 2465 650 2546 illas,
672 2488 758 2555 quas
779 2466 822 2532 ab
844 2466 993 2554 antiquis
1017 2464 1177 2531 omnibus
1197 2464 1365 2531 traditas²

243 2574 400 2638 omittere
419 2573 600 2662 nequibat,
624 2573 754 2639 oblinat
778 2573 918 2654 saltem,
940 2577 1107 2661 quantum
1131 2571 1206 2637 fieri
1230 2577 1364 2661 potest,

244 2685 277 2747 et
303 2675 493 2762 oblitteret,
521 2681 647 2746 iterum
676 2685 778 2769 atque
800 2681 925 2746 iterum
954 2684 1061 2746 curat.
1093 2679 1206 2768 Atque
1232 2678 1269 2744 in
1297 2679 1367 2745 hoc

242 2786 359 2853 videre
390 2792 441 2853 est
473 2791 640 2877 quantum
671 2786 715 2852 ab
751 2785 918 2876 Euripide
955 2785 1122 2852 discedat.
1158 2784 1243 2852 Cum
1271 2786 1368 2852 enim

243 2894 335 2985 apud
355 2916 519 2982 graecum
538 2899 677 2984 poetam
701 2893 945 2960 Andromacha
976 2921 991 2954 «
1022 2895 1180 2959 sortitum
1206 2920 1222 2954 »
1250 2893 1365 2976 illum,

243 3023 312 3091 quo
332 3001 559 3090 Neoptolemo
580 3001 768 3067 concubina
791 3001 961 3066 destinata
984 3002 1060 3080 fuit,
1085 3028 1101 3060 «
1124 2999 1324 3086 conjugium
1348 3028 1364 3062 a

242 3130 366 3174 vocare
396 3129 574 3196 nunquam
602 3109 747 3188 omittat,
781 3106 995 3197 pulchroque
1025 3108 1161 3173 nomine
1189 3107 1368 3173 miseriam

244 3237 341 3281 suam
370 3219 571 3304 praetegere
601 3219 703 3295 amet,
725 3253 769 3264 -
789 3214 881 3304 apud
907 3213 1099 3300 Vergilium
1128 3217 1246 3279 eontra
1268 3212 1368 3279 nullo

245 3321 347 3388 modo
384 3321 603 3388 dissimulare
641 3322 781 3388 nititur³
816 3322 977 3412 probrosi
1010 3321 1116 3408 hujus
1146 3320 1274 3387 servitii
1305 3319 1368 3386 de-

244 3429 349 3495 decus
372 3483 379 3496 '
539 3517 665 3570 Victoris
678 3518 738 3568 beri
752 3517 836 3581 tetiqtt
850 3518 957 3582 captiva
972 3517 1063 3568 cubita.

275 3697 297 3745 1.
317 3698 381 3747 Aen.
398 3697 438 3758 ΠΙ,
454 3698 508 3748 487.

274 3767 298 3818 2,
317 3768 353 3819 Cf.
367 3769 507 3828 Kciiomnu,
523 3769 589 3832 apud
609 3769 727 3831 Roscurn,
743 3774 761 3819 t.
777 3770 796 3826 i,
814 3769 862 3818 col.
880 3767 996 3818 airola.
1008 3793 1039 3803 -
1061 3767 1149 3816 Narrat
1169 3765 1265 3828 quidem
1285 3764 1369 3813 Danas

244 3840 366 3888 Puerorus
380 3841 510 3904 (κω-κων)
525 3841 732 3903 Andromacham,
748 3843 773 3889 in
788 3841 924 3890 libertatem
941 3842 997 3902 post
1015 3842 1109 3900 captam
1125 3837 1220 3898 Trojam
1235 3835 1369 3898 Agamem-

243 3911 315 3959 nonis
336 3911 455 3960 hcnehcio
476 3913 637 3972 vindicatam,
657 3927 712 3961 cum
733 3913 824 3961 Heleno
847 3911 1041 3959 Chersonnesum
1063 3909 1171 3971 petisse;
1186 3907 1288 3969 ejusque
1312 3921 1368 3954 cum

244 3981 339 4045 Pyrrho
354 3983 531 4031 matrimonium
547 3984 643 4032 omnino
659 3984 843 4046 praetermittit,
860 3982 903 4031 sed
917 3981 978 4029 illud
989 3995 1004 4028 a
1014 3977 1368 4047 recentioribus,Vergilianac

243 4052 428 4102 Andromachae
442 4055 584 4116 pudicitiam
596 4055 794 4117 respicientibus
809 4053 971 4116 excogitatum
985 4050 1117 4099 verisimile
1132 4055 1177 4099 est.

272 4124 296 4174 3.
323 4123 464 4188 Quanquam
485 4127 580 4174 Aeneas
602 4141 627 4175 v.
649 4125 696 4175 319
716 4125 829 4174 conubia
855 4125 916 4172 dixit
945 4118 1087 4186 εὖφημίσας.
1119 4121 1192 4169 lmmo
1220 4119 1367 4168 Panaciam>

244 4197 269 4245 in
284 4197 330 4244 hoc
344 4210 417 4245 versu
432 4198 555 4262 -(quem
570 4198 606 4246 sic
622 4199 745 4246 statuebat
760 4212 766 4245 :
783 4210 845 4260 quae
862 4195 936 4258 digna
951 4194 1010 4242 satis
1026 4195 1124 4242 fortuna
1137 4191 1222 4240 revisit

470 4323 572 4366 Hectoris
587 4323 773 4366 Andromachen?
785 4321 881 4376 Pyrrhia
891 4319 984 4363 conubia
998 4330 1088 4362 servam
1098 4321 1116 4368 i)
1130 4339 1156 4350 -

246 4437 383 4498 somniavit,
408 4443 434 4487 ut
453 4440 558 4491 videtur,
581 4438 696 4501 gratulari
721 4438 836 4490 Aeneam,
857 4436 926 4499 quasi
948 4435 979 4484 de
1003 4454 1015 4479 a
1039 4434 1108 4482 letica
1134 4430 1367 4491 eventu›¹,Andro·
