2940 5076
176 361 241 429 124
592 378 667 423 rans
691 376 872 424 rosruruon.

172 556 277 625 fuisse
297 552 445 640 conjicio
464 550 506 617 dc
532 551 677 620 Camilla
696 554 826 644 puella,
848 553 991 617 exeunte
1021 548 1170 638 septimo
1188 545 1287 629 libr0,

174 668 244 730 tres
263 663 346 731 istos
366 681 486 726 versus
507 661 728 751 praemittere
751 683 758 729 :

529 856 592 907 Non
610 852 660 906 illa
675 853 739 905 eolo
751 851 915 906 calathisve
930 851 1076 905 Minervae

376 933 517 987 femineas
532 938 652 987 assueta
665 946 783 998 manus,
800 933 851 986 sed
864 930 975 997 praelia
988 929 1071 995 virgo

375 1015 449 1067 dura
463 1014 535 1079 pati,
550 1028 697 1080 cursuque
712 1014 821 1080 pedum
834 1016 1016 1078 proevertere
1030 1009 1159 1063 ventosi.

173 1187 296 1253 Postea
315 1208 398 1251 vero
418 1206 496 1251 cum
517 1185 676 1253 secundis
696 1185 786 1253 curis
806 1205 931 1274 poema
957 1184 1159 1247 retractaret
1186 1178 1295 1245 unde-

174 1296 370 1383 cimumque
390 1292 519 1358 librum
539 1293 742 1374 revolveret,
775 1292 938 1382 pauciora
969 1311 1006 1355 se
1033 1310 1138 1378 supra
1167 1285 1294 1353 dixisse

174 1400 416 1468 animadvertit
434 1423 538 1491 quam
559 1406 596 1467 ut
613 1401 776 1468 Camillae
796 1421 909 1466 mores
930 1402 1033 1487 atque
1049 1395 1229 1482 ingenium
1241 1417 1296 1460 ex-

174 1508 408 1598 planarentur.
433 1508 667 1590 Quamobrem
688 1528 926 1598 quaecumque
947 1506 981 1571 in
1001 1502 1184 1570 undecimo
1204 1502 1294 1568 libro

172 1614 253 1681 inde
274 1637 293 1682 a
313 1615 591 1704 quingentesimo
608 1614 875 1706 quadragesimo
895 1635 996 1679 versu
1016 1632 1125 1699 usquc
1140 1608 1185 1675 ad
1197 1610 1296 1700 quin-

174 1722 405 1808 gentesimum
425 1722 674 1807 octogesimum
695 1723 852 1812 quintum
873 1721 1046 1807 leguntur,
1069 1723 1150 1784 tunc
1172 1721 1207 1782 et
1225 1716 1289 1798 ibi,

176 1832 212 1896 ut
229 1829 362 1919 opinor,
386 1826 546 1914 adJeciD.

217 1935 374 2021 Viragini
402 1941 516 2002 tamen
537 1936 730 2022 virgineum
756 1935 840 2025 quid
869 1933 1049 2001 infundere
1080 1932 1294 2015 decreverat,

172 2065 286 2132 neque
305 2043 498 2125 immerit03
521 2043 614 2133 quod
639 2043 790 2133 primum
814 2048 1016 2109 consecutus
1037 2046 1089 2107 est
1108 2039 1295 2110 studiosius

176 2149 400 2240 exprimendo
421 2148 586 2216 Camillae
605 2149 912 2241 pulchritudinem,
934 2170 1038 2215 —eo
1060 2153 1194 2229 tamen,
1226 2169 1294 2237 quo

172 2255 299 2340 decuit,
313 2256 427 2340 modo,
439 2257 662 2347 adhibitaque
674 2279 809 2327 summa
818 2244 1041 2347 descriptioni
1051 2247 1293 2345 temperantia

217 2362 357 2454 Alioqui
393 2364 582 2431 notandum
616 2364 703 2431 illud
728 2370 795 2447 est,
827 2365 1027 2455 parcissime
1054 2362 1097 2430 de-
1127 2383 1294 2452 corporeo

172 2471 391 2553 feminarum,
409 2493 495 2560 quas
515 2470 657 2555 inducit,
680 2471 813 2554 habitn,
835 2472 931 2561 loqui
951 2471 1090 2538 solitum
1110 2489 1185 2535 esse
1205 2467 1295 2537 Ver-

172 2577 307 2664 gilium.
331 2576 432 2658 Quod
452 2577 591 2667 quidem
612 2601 682 2644 non
712 2580 746 2644 in
773 2577 952 2644 Aeneide³
980 2582 1114 2644 tantum
1140 2575 1295 2642 animad-

173 2691 299 2766 vertaS,
322 2683 414 2750 unde
434 2686 511 2774 quis
532 2686 698 2776 suspicari
719 2687 828 2776 possit
852 2684 1019 2775 quioquid
1038 2684 1083 2751 ad
1104 2711 1119 2748 u
1141 2682 1295 2750 Veneres

174 2789 428 2882 Cupidinesque
447 2819 462 2854 a
483 2793 604 2858 attinet
619 2816 638 2859 a
652 2798 757 2883 poeta
776 2794 922 2858 scienter
942 2791 1155 2883 prohibitum
1170 2791 1293 2874 fuisse,

173 2903 291 2987 utpote
324 2899 367 2964 ab
399 2898 497 2988 epica
527 2899 708 2986 majestate
742 2900 951 2982 abhorrens;
982 2939 1026 2949 -
1054 2896 1115 2964 sed
1139 2902 1173 2964 et
1200 2896 1294 2964 idem

172 3005 208 3070 in
227 3003 421 3071 Bucolicis*
441 3007 601 3075 occurrit.
626 3004 834 3097 Saepissime
860 3035 875 3068 α
898 3007 1068 3072 formosas
1090 3033 1106 3067 »
1128 3025 1294 3096 personas

175 3132 253 3179 suas
274 3112 438 3202 appellat,
462 3112 530 3205 sed
543 3113 710 3202 qteomodo
729 3114 900 3180 formosae
922 3114 989 3180 siut
1008 3112 1207 3201 Amaryllis,
1230 3111 1295 3181 Ga·

206 3361 227 3410 1.
244 3361 308 3410 Aen.
323 3360 375 3423 Vll,
388 3360 501 3413 805-801.

205 3433 228 3482 2.
245 3432 308 3481 Nihil
324 3436 403 3481 lamen
418 3435 485 3483 aliud
495 3435 541 3483 hoc
551 3449 605 3483 esse
616 3434 735 3484 contendo
750 3449 820 3497 quam
831 3435 1012 3497 conjecturam;
1027 3433 1116 3482 etenim
1132 3432 1235 3494 iusuper
1249 3431 1298 3480 dici

175 3505 262 3567 possit,
278 3509 375 3565 apoeta
388 3519 437 3553 non
452 3505 590 3554 inconsulto
604 3520 681 3568 neque
697 3507 783 3554 inscite
799 3506 888 3554 luctum
903 3504 974 3567 illud,
986 3504 1051 3567 quod
1072 3504 1181 3552 narratio
1198 3503 1229 3551 de
1250 3502 1297 3550 Ca-

174 3575 254 3624 millae
270 3575 373 3637 pueritia
383 3576 491 3637 ejusdem
504 3577 573 3624 morti
586 3578 686 3639 propius
697 3578 721 3625 in
732 3581 842 3639 poemate
853 3577 952 3624 admota
970 3576 1042 3623 luerit
1054 3589 1060 3635 ς
1074 3589 1152 3637 eoque
1164 3574 1242 3641 magis
1253 3587 1298 3622 nos

174 3650 329 3709 praematuro
340 3647 441 3709 virginis
456 3647 524 3694 exitu
540 3648 621 3709 adfici,
637 3662 684 3710 quo
698 3650 820 3696 recentius
836 3648 919 3696 vivida
933 3646 1121 3694 florentissimae
1131 3646 1185 3707 ejus
1202 3644 1298 3693 adoles·

174 3718 269 3764 cantiae
284 3716 419 3778 descriptio
436 3718 497 3766 iacta
512 3718 552 3766 sit.
569 3717 628 3766 Cum
640 3719 689 3779 jam
698 3718 979 3779 mortuaCamillajacet,
987 3718 1118 3765 etiamtum
1133 3714 1297 3765 nobisvidere

173 3788 285 3836 videmur
296 3787 420 3849 pulchram
433 3788 522 3837 Metabi
539 3789 613 3837 filiam
628 3803 671 3852 per
686 3791 872 3851 Apenninorum
885 3792 945 3853 juga
960 3793 1097 3840 venantem.
1109 3815 1141 3824 —
1156 3786 1194 3838 Gi.
1206 3787 1297 3847 Herna,

174 3859 284 3907 Eccum.
302 3858 339 3907 ad
354 3857 398 3906 tib.
416 3858 448 3906 Xl
465 3874 497 3906 2«
513 3859 565 3908 Nun
581 3861 719 3922 importuna
731 3865 768 3909 est
784 3861 865 3909 tabula
879 3861 910 3909 ad
924 3860 1064 3908 variandam
1081 3859 1246 3908 narrationem
1267 3858 1297 3906 de

174 3929 263 3978 bellico
278 3935 407 3992 apparatu,
420 3935 444 3979 et
454 3935 519 3978 tenet
535 3932 638 3979 animum
649 3933 832 3993 exspectatione
847 3933 950 3981 latorum
968 3931 1092 3979 Camillae.
1110 3949 1121 3974 a

205 4000 228 4050 3.
244 4001 301 4048 Vid.
319 4001 349 4049 de
365 4000 470 4057 Didone,
487 4002 563 4059 Aeo„
585 4000 608 4061 I,
629 4001 692 4062 196,
714 4002 818 4050 Didonis
837 4017 890 4051 curn
910 4002 989 4051 Diana
1008 4002 1110 4052 collatae
1130 4001 1207 4050 torma
1225 4001 1297 4050 tacite

175 4071 329 4122 subauditur.
341 4099 371 4108 -
387 4072 427 4132 lV,
443 4072 493 4124 60:
511 4093 522 4116 κ
541 4072 597 4134 lpsa
611 4077 696 4121 tenens
713 4074 800 4122 dextra
814 4079 921 4136 pateram
935 4072 1115 4136 pulcherrima
1130 4073 1202 4134 Dido,
1220 4091 1232 4116 »
1253 4086 1297 4120 nec

175 4144 304 4211 quicquam
318 4144 431 4205 amplius.
447 4171 477 4180 -
493 4143 533 4203 lV,
550 4143 603 4203 136,
620 4145 722 4192 Didonis
739 4149 838 4192 ornatus
854 4149 877 4192 ct
896 4145 972 4193 vestis
994 4146 1075 4207 potius
1096 4157 1167 4207 quam
1190 4143 1298 4206 pulchri-

174 4214 233 4262 tudo
248 4214 406 4262 describitur.
427 4241 457 4252 -
480 4215 593 4264 Laviniae
613 4230 722 4279 quoque,
747 4215 805 4276 Xll,
825 4215 855 4263 61
878 4230 942 4279 sqq,
964 4216 1046 4278 potius
1070 4215 1181 4263 turbatus
1204 4215 1298 4262 animus

175 4283 307 4346 effingitur,
323 4299 395 4347 quam
409 4300 508 4348 corpus.

206 4354 229 4402 l.
244 4353 332 4419 Eclop.
350 4356 410 4419 1,5;
427 4357 457 4420 ll,
473 4357 546 4418 1,16,
565 4358 663 4417 11,-15;
680 4357 720 4417 lll,
731 4357 780 4418 79;
797 4357 836 4416 Vl,
852 4358 897 4418 ‘213
914 4357 966 4418 Vll,
981 4357 1021 4418 at,
1038 4358 1077 4416 55,
1092 4356 1141 4418 673
1160 4355 1191 4414 Χ,
1209 4354 1253 4419 18,
1274 4358 1297 4404 et

175 4441 275 4489 passttll.
