2940 5076
179 353 243 417 156
649 374 824 421 conclusio.

219 547 316 614 Istud
329 568 468 639 quoque
484 548 681 616 meminisse
702 548 800 616 decet
820 548 863 614 de
882 547 1006 614 iisdem
1026 553 1167 614 eatenus
1188 547 1296 616 disse-

176 677 252 721 rere
282 654 492 741 Vergilium,
522 660 692 745 quatenus
717 657 761 723 ad
784 677 965 722 commune
988 656 1094 721 totius
1124 656 1296 745 poematis

176 762 357 828 eonsilium
375 783 517 829 neeesse
536 766 599 830 est.
620 763 724 830 Novit
744 764 836 830 enim
855 763 912 829 hio
931 783 1095 829 areanum
1114 761 1199 828 illud
1218 763 1298 851 pul-

175 869 366 935 oherrimae
380 889 527 958 poeseos
546 869 851 952 oblectamentum,
865 869 994 936 scilieet
1008 891 1052 935 ne
1064 868 1299 956 cognoscendi

175 977 334 1066 voluptas
354 976 553 1064 legentibus
579 982 651 1043 tam
680 977 783 1066 plena
806 977 1028 1067 perfectaque
1054 975 1319 1065 suppeditetur⁴

174 1104 279 1172 quam
300 1105 339 1148 ex
359 1083 520 1165 historia;
550 1084 597 1149 ita
625 1091 664 1150 nt
691 1091 810 1150 nostra
838 1083 967 1151 sciendi
992 1082 1102 1149 libido
1128 1105 1195 1149 non
1223 1088 1297 1149 tam

175 1195 347 1256 saturetur
366 1212 469 1280 quam
490 1197 642 1273 acuatur,
665 1191 923 1281 legentiumque
943 1191 1072 1276 ingenii
1091 1190 1243 1272 ubertas,
1267 1190 1299 1255 si

174 1319 244 1386 qua
263 1301 325 1377 est,
346 1296 507 1363 lacessita
527 1297 693 1364 eliciatur.
708 1298 812 1364 Taoet
831 1298 937 1384 igitur
955 1295 1119 1363 Aeneidis
1138 1296 1300 1363 eonditor

174 1403 283 1469 multa
310 1403 353 1469 de
387 1404 572 1470 mulierum
602 1427 742 1471 suarum
769 1404 824 1470 vel
850 1405 1007 1492 ingenio,
1038 1403 1094 1469 vel
1125 1426 1298 1493 corporea

174 1511 305 1600 specie,
327 1510 382 1576 vel
401 1510 619 1593 condicione,
646 1513 702 1577 vel
729 1517 886 1578 anteacta
904 1513 986 1594 vita,
1008 1534 1048 1577 ao
1067 1512 1131 1577 nisi
1152 1512 1295 1600 quando

173 1619 306 1701 metuit,
329 1619 429 1684 siouti
444 1617 486 1684 de
508 1617 653 1685 Camilla
672 1642 777 1708 supra
797 1620 924 1701 notavi,
947 1641 990 1685 ne
1010 1619 1176 1685 nonsatis
1194 1619 1298 1684 intel-

172 1723 262 1792 lecta
293 1725 394 1791 nobis
433 1725 492 1790 liat
528 1747 697 1814 personae
732 1727 913 1813 eujusdam
950 1726 1096 1809 indoles,
1129 1726 1299 1793 nonnulla

174 1831 274 1899 nobis
294 1831 468 1918 Vergilius
488 1838 581 1899 amat
600 1834 795 1923 relinquere
817 1834 1022 1924 supplenda.

219 2028 315 2113 Nego
346 2028 472 2095 deinde
496 2029 684 2097 muliebres
711 2031 874 2096 Aeneidis
903 2052 1081 2120 personas,
1110 2052 1180 2096 non
1210 2031 1295 2096 satis

174 2135 225 2202 sui
259 2139 434 2225 compotes
473 2140 506 2202 et
538 2137 690 2202 eonseias
729 2137 849 2203 videri.
892 2135 991 2216 Quod
1023 2135 1163 2225 quidem
1199 2138 1297 2223 justa

175 2243 473 2328 argumentatione
493 2243 720 2333 comprobare
741 2243 930 2310 absurdum
948 2245 1001 2324 sit,
1016 2265 1093 2309 eum
1111 2244 1147 2309 in
1166 2243 1297 2313 talibus

175 2349 371 2416 meminisse
397 2349 517 2415 deceat
548 2351 648 2416 aliter
676 2351 760 2416 alios
785 2373 854 2416 una
877 2356 979 2440 atque
1006 2350 1127 2416 eadem
1152 2373 1190 2416 re
1213 2351 1296 2437 jure

173 2477 274 2544 posse
299 2456 403 2539 affici3
440 2496 483 2506 -
520 2480 625 2546 quam
655 2457 795 2547 quidem
825 2458 1016 2524 alienorum
1043 2457 1236 2524 studiorum
1263 2463 1297 2524 et

170 2560 398 2648 judiciorum,
437 2563 493 2629 vel
522 2564 624 2629 etiam
662 2585 683 2628 a
716 2565 841 2632 nostris
870 2564 972 2653 plane
1007 2564 1294 2653 discrepantium,

173 2670 386 2758 patientiam,
414 2671 520 2737 immo
548 2672 788 2752 reverentiam,
821 2671 983 2761 aequales
1004 2673 1112 2737 nostri
1132 2672 1214 2739 satis
1235 2694 1296 2738 su-

173 2797 304 2864 perque
324 2776 523 2842 edocentur.
533 2778 744 2843 —Attamen
757 2779 844 2843 soire
857 2777 964 2843 libeat
975 2799 1063 2866 quae
1074 2778 1294 2867 potissimum

172 2881 262 2946 inter
280 2883 437 2965 feminas,
451 2906 598 2972 quarum
612 2883 781 2970 Vergilius
798 2885 917 2950 unious
933 2891 1031 2973 pater
1050 2892 1114 2966 est,
1126 2891 1295 2975 tanquam

176 3014 192 3048 α
221 2988 327 3054 falsae
360 3017 375 3051 »
405 3012 444 3055 ao
469 2992 572 3056 nimis
599 2992 784 3081 perspicuo
812 3019 827 3052 α
850 2991 949 3057 fictae
976 3020 992 3053 »
1023 2993 1289 3080 carpanturl....

282 3094 367 3162 Cum
388 3097 480 3162 enim
500 3098 652 3164 Aeneam
670 3096 800 3164 Creusa
819 3106 894 3164 orat
913 3120 955 3164 ne
978 3098 1022 3164 ab
1042 3099 1102 3165 illo
1122 3121 1202 3165 oum
1222 3101 1293 3171 suis

176 3200 448 3291 derelinquatur,
470 3202 524 3269 his
544 3204 659 3270 verbis
682 3225 689 3271 :

346 3398 374 3449 Si
389 3398 539 3462 periturus
552 3400 626 3461 abis,
644 3404 673 3451 et
688 3413 742 3451 nos
757 3413 826 3464 rape
842 3401 872 3450 in
887 3401 988 3452 omnia
1001 3404 1112 3453 tecum!

346 3481 427 3529 Hane
441 3478 568 3542 primurn
584 3483 681 3530 tutare
696 3480 830 3531 domurn!
847 3481 898 3534 Cui
911 3493 1018 3544 parvus
1032 3481 1121 3541 lulus,

346 3558 393 3608 oui
406 3563 489 3622 pater
501 3564 530 3610 et
545 3561 672 3623 conjunx
687 3560 836 3624 quondam
853 3566 902 3611 tua
917 3563 996 3614 oleta
1011 3562 1179 3626 relinquor?

176 3729 271 3818 quid,
289 3751 430 3818 quaeso,
450 3731 484 3795 in
502 3729 555 3795 his
575 3730 744 3796 absonum
764 3754 875 3820 neque
898 3755 937 3796 ex
956 3733 1025 3798 imo
1045 3732 1149 3798 eorde
1169 3735 1297 3805 exiisse

174 3835 238 3901 tibi
258 3837 419 3901 videtur?

220 3942 304 4007 Cum
323 3942 442 4008 itidem
464 3941 585 4009 Volsca

408 4138 518 4191 medias
533 4138 611 4190 inter
625 4139 729 4190 caedes
744 4140 876 4191 exsultat
889 4143 1028 4202 Amazon,

175 4307 258 4398 quid
282 4310 315 4374 in
340 4309 444 4374 nehus
474 4309 518 4374 ab
548 4308 607 4373 illa
635 4314 716 4374 tuno
744 4312 851 4394 gestis
882 4318 1037 4377 eoactum
1062 4314 1094 4374 et
1122 4310 1293 4394 fucatum,

173 4438 287 4505 neque
319 4415 427 4481 indoli
456 4416 530 4502 ejus
560 4423 593 4481 et
627 4419 798 4506 praesenti
832 4419 1023 4484 condicioni
1055 4417 1295 4484 conveniens?
