2940 5076
596 399 693 445 crrur
718 399 867 446 ranrrun.
1249 380 1289 446 tl

169 575 244 643 ,sive
265 596 344 641 curn
360 603 376 637 a
395 574 538 642 infelicis
560 602 576 636 »
598 575 751 662 reginae,
784 602 800 635 e
832 574 977 641 miserae
1005 602 1021 636 »
1052 574 1195 641 Didonis
1224 597 1294 642 sor·

170 686 241 748 tem
261 683 353 748 ultro
372 683 446 772 ipse
465 682 675 748 lamentatur
687 690 708 749 ¹.
751 675 760 682 ’

216 789 340 876 Adjice
359 788 505 879 quod‘et
520 789 603 855 alibi
617 789 767 856 libenter
778 791 998 856 immoratum
1013 789 1207 878 Vergilium
1222 792 1293 858 ani-

171 906 447 988 madvertamus,
475 927 600 995 nempe
627 906 934 996 quotienscumque
960 907 991 973 ei
1009 907 1196 997 praebetur
1218 906 1292 974 dul-

172 1015 282 1081 ciores
309 1013 414 1081 animi
441 1013 701 1103 tenerioresque
735 1013 876 1080 affectus
905 996 1120 1083 describendi
1144 1015 1288 1081 eccesie.

174 1121 297 1212 Utpote
332 1121 391 1210 qui
426 1125 565 1186 coactus
598 1121 642 1186 sit
669 1120 713 1187 ad
737 1121 911 1187 narranda
936 1121 1141 1210 plerumque
1170 1121 1294 1188 bellica

171 1229 361 1318 virilisque
371 1248 477 1316 opera
496 1249 619 1316 resque
635 1232 801 1311 austeras
819 1224 1067 1294 intermittendi
1086 1228 1218 1294 itineris
1234 1251 1294 1295 eae

172 1341 252 1404 sunt
268 1337 318 1402 illi
337 1339 479 1425 pacatae
500 1335 599 1423 quasi
615 1325 795 1402 sessiones.
813 1335 885 1401 Hoc
905 1357 979 1402 esse
1000 1358 1123 1402 causae
1139 1337 1294 1402 existimo

154 1450 222 1529 ut,
244 1443 429 1534 incipiente
453 1442 656 1532 praesertim
682 1448 858 1532 poemate,
885 1464 964 1509 curn
987 1466 1052 1510 nec
1075 1449 1211 1533 tempus
1232 1465 1296 1509 nec

203 1708 227 1758 1.
243 1709 318 1771 Aera,
334 1711 353 1771 i,
456 1712 497 1756 ria
510 1724 515 1754 ε
531 1709 653 1765 Praecipue
665 1711 761 1776 inretire,
773 1711 829 1766 pesti
840 1710 919 1755 devota
932 1711 1020 1754 futurae

453 1775 548 1818 tle-719
552 1801 613 1815 .....
630 1773 770 1816 insciaDido

526 1836 613 1878 lusidet
624 1841 722 1890 quantus
734 1837 836 1880 miserae
846 1836 916 1880 deust

453 1901 493 1944 799
508 1913 513 1943 :
527 1896 688 1950 Infelirc'Dido
693 1927 753 1941 .....

413 1966 450 2019 tv,
465 1965 492 2008 65
507 1976 512 2006 :
529 1962 592 2005 Heu!
610 1966 685 2004 vetum
702 1961 794 2016 ignarae
806 1966 905 2007 mentes!
917 1962 971 2016 quid
983 1967 1034 2006 vota
1048 1961 1166 2016 furentem,

532 2023 590 2076 Quid
605 2023 698 2066 delubra
706 2024 803 2078 juvant?

437 2090 499 2134 seeo
515 2102 520 2131 :
613 2098 719 2142 magnum
730 2092 752 2130 et
760 2087 903 2130 memorabile
915 2098 995 2130 nomen

531 2151 580 2194 Una
592 2148 643 2192 dolo
657 2148 734 2192 divum
745 2149 765 2191 si
775 2149 856 2199 lomim
869 2151 927 2192 victa
937 2151 1032 2193 duorum
1043 2153 1092 2193 est?

453 2215 491 2258 291
509 2227 514 2256 :
604 2224 654 2255 sese
666 2212 758 2265 interce,
768 2213 855 2266 quando
869 2215 960 2266 optimu
974 2212 1030 2255 Dido

530 2274 621 2319 Nesciet
631 2280 653 2316 et
667 2280 741 2316 tentos
753 2275 826 2329 rumpi
842 2287 884 2317 non
898 2279 1106 2330 speret'amores...

454 2341 495 2384 998
510 2353 516 2382 t
577 2368 597 2382 ..
609 2337 691 2380 lisdem
705 2339 783 2391 impia
792 2338 857 2380 Fame
869 2333 963 2391 furenti

359 2454 360 2459 ,
532 2401 616 2444 Detulit
628 2399 710 2443 armari
723 2401 854 2443 classemm

450 2463 489 2508 393
505 2477 511 2506 r
526 2463 625 2506 Tandem
635 2475 714 2517 pauca
729 2463 796 2506 refert
805 2461 911 2519 (Aeneas)

453 2528 493 2571 tos
508 2540 513 2568 ι
529 2527 585 2578 Quis
600 2526 640 2569 tibi
650 2532 705 2580 turn,
716 2525 780 2580 Dido,
794 2527 893 2569 cernenti
905 2527 957 2569 talia
972 2530 1068 2571 sensus?

529 2590 621 2641 Quosve
634 2589 702 2632 (lebas
716 2589 821 2644 gemitus,
835 2595 875 2632 etc.

453 2654 493 2697 tra
509 2666 514 2696 :
529 2653 629 2706 improbe
641 2654 719 2706 Amor,
733 2652 786 2706 quid
798 2664 840 2694 non
856 2651 956 2695 mortalia
968 2656 1056 2707 pectora
1070 2652 1148 2706 cogis?

452 2717 492 2760 996
506 2730 512 2759 2
528 2715 586 2758 Nam
598 2715 650 2770 quia
663 2727 703 2757 nec
716 2714 768 2768 fato,
783 2715 860 2758 merita
872 2728 911 2758 nec
922 2721 992 2758 morte
1007 2715 1100 2770 peribat,

531 2778 574 2822 Sed
588 2779 677 2821 misera
687 2783 739 2821 ante
749 2777 816 2832 diem,
827 2778 945 2833 subitoque
960 2790 1052 2821 accensa
1064 2779 1177 2821 lurore...

202 2914 303 2965 Necnon
315 2915 341 2964 in
350 2914 425 2978 Aera,
440 2913 481 2974 IV,
496 2913 526 2963 38
539 2929 604 2978 sqq,
617 2913 663 2962 325
678 2929 731 2979 sqq.
748 2919 946 2978 revocentur—eae
956 2914 1046 2976 civilis,
1063 2918 1088 2963 ut
1100 2915 1134 2962 ita
1148 2914 1236 2978 dicam,
1249 2915 1294 2963 uti-

169 2987 249 3037 litatis
261 3001 350 3072 causae
360 3002 422 3050 quas
437 2990 555 3049 concepto
571 3000 627 3050 erga
650 2986 757 3034 Aeneam
776 2986 851 3035 amori
871 2986 1014 3049 indulgendi
1029 2985 1093 3034 Dido
1108 2985 1201 3036 babuit.
1222 2985 1258 3037 Cf.
1274 2986 1293 3047 l,

169 3057 368 3192 33ii'l.5ii13ilert.,
380 3129 421 3193 lV,
436 3128 483 3178 493
497 3144 550 3193 sqq.
567 3148 578 3173 c
654 3130 761 3192 magicas
776 3130 887 3179 invitem
901 3130 1024 3193 accingier
1038 3133 1112 3178 artes.
1133 3148 1145 3172 a
1166 3128 1267 3178 Servius
1286 3145 1291 3178 :

171 3221 185 3247 a
201 3203 260 3265 quia
274 3216 328 3251 cum
342 3202 418 3251 multe
433 3215 503 3250 sacra
518 3201 619 3250 Rornani
635 3201 796 3264 susciperent,
812 3215 908 3263 semper
922 3201 1017 3264 magica
1031 3202 1219 3250 damnarunt...
1239 3201 1294 3249 ideo

279 3312 285 3325 ,
302 3292 314 3318 t)

172 3276 356 3411 el‘leutiaduoque
370 3344 448 3409 quinti
462 3344 519 3394 libri
535 3344 642 3394 ineuntis
661 3360 748 3396 versus
770 3345 940 3395 demonstrant
960 3346 1045 3394 intimo
1064 3343 1138 3393 corde
1160 3343 1294 3407 Vergilium

172 3416 264 3464 lavisse
279 3415 369 3465 Didoni
385 3434 390 3466 :

549 3516 609 3531 .....
622 3487 674 3532 duri
687 3500 767 3544 magno
778 3487 818 3531 sed
828 3499 915 3531 amores
925 3486 1011 3531 dolores

544 3552 641 3605 polluto,
656 3556 776 3606 notumque
787 3551 865 3594 iurans
877 3551 930 3606 quid
943 3550 1024 3593 femina
1037 3550 1108 3604 possit

545 3615 609 3658 triste
623 3625 662 3670 per
673 3614 791 3670 augurium
803 3614 938 3657 Teucrorum
954 3620 1041 3667 pectore
1055 3614 1147 3655 ducunt.
1160 3610 1196 3669 (V,
1209 3612 1260 3665 5-7).

205 3742 372 3813 Siquidem«
392 3747 495 3813 polluto
517 3769 528 3793 a
548 3764 608 3799 vera
625 3750 699 3799 lectio
719 3753 757 3798 est
776 3750 831 3812 (nec
851 3749 979 3799 dubitandi
998 3748 1067 3797 locus
1090 3748 1150 3812 est),
1173 3747 1227 3811 quis
1245 3761 1294 3796 non

171 3823 241 3871 videt
257 3821 390 3885 Vergilium
404 3821 438 3870 ibi
457 3836 503 3884 per
521 3822 641 3885 quandam
662 3821 849 3884 imprudentiam
864 3821 959 3869 Aeneae
981 3835 1009 3869 ec
1030 3820 1130 3868 Teucris
1151 3819 1293 3867 sententiam

172 3906 242 3942 suam
256 3893 335 3955 ipsius
351 3892 492 3953 attribuere,
504 3893 593 3956 quibus
603 3893 701 3955 quidem
715 3893 759 3941 illa
768 3893 865 3941 minime
878 3892 1010 3940 convenit?
1019 3891 1138 3939 Didonem
1151 3905 1208 3938 sane
1223 3904 1293 3937 suum

171 3966 204 4013 ab
215 3964 298 4013 Aenea
312 3978 416 4014 amorem
427 3963 560 4028 pollutum
575 3964 656 4013 dicere
671 3978 773 4027 aequum
788 3969 825 4012 est
839 3965 881 4027 (cl.
896 3961 1151 4024 Aen.‚1v,3ro-380‚
1167 3960 1221 4019 306,
1237 3959 1292 4020 aot,

170 4034 228 4094 316,
244 4039 316 4098 atque
330 4037 355 4083 in
367 4035 392 4083 h.
404 4035 421 4085 l.
434 4035 685 4096 Laesum-Scaeam,
695 4036 725 4083 ci.
735 4036 807 4084 etiem
817 4035 953 4084 coarsuros
961 4035 986 4082 in
995 4034 1054 4084 Aer.
1065 4033 1104 4092 lll,
1116 4032 1172 4096 61);
1188 4034 1294 4080 Aeneam

170 4109 252 4171 ipsum
266 4107 337 4155 lateri
351 4121 400 4156 nou
415 4106 493 4166 decet,
510 4121 537 4155 se
552 4107 652 4169 impium
668 4121 696 4155 ac
707 4107 826 4169 pertidum
843 4107 927 4164 luisse,
940 4110 1099 4168 sanctumque
1114 4106 1166 4152 veri
1186 4104 1293 4167 conjugii

170 4177 260 4227 foedus
274 4178 414 4227 violavisse.
429 4177 483 4236 Quo
499 4182 578 4227 tamen
595 4179 620 4226 in
634 4179 709 4227 verbo
725 4179 791 4226 solus
806 4178 897 4236 haesit,
913 4178 960 4225 nisi
977 4177 1056 4237 fallor,
1074 4177 1225 4224 Paestanus.
1244 4175 1292 4222 Sed

171 4249 316 4309 difficultas,
332 4264 394 4312 quae
407 4251 476 4298 illum
491 4264 541 4298 non
554 4250 627 4312 fugit,
652 4248 811 4308 enodabitur,
827 4253 853 4298 ut
874 4249 969 4312 opinor,
985 4249 1106 4311 siquidem
1123 4248 1170 4304 ista
1191 4246 1293 4309 Vergilii

171 4322 306 4370 voluntatis
320 4322 345 4369 in
358 4321 477 4370 Didonem
500 4335 576 4383 prona
594 4322 672 4384 magis
686 4335 757 4384 quam
776 4322 801 4368 in
816 4322 923 4369 Aeneam
936 4321 1061 4368 inclinatio
1082 4321 1196 4381 reputata
1211 4318 1292 4367 luerit.

171 4391 209 4440 De
224 4405 271 4454 qua
285 4393 349 4440 inira
369 4393 482 4455 amplius.
501 4419 528 4428 -
544 4392 589 4440 Vv.
611 4391 640 4452 V,
662 4391 709 4447 1-7,
730 4391 806 4440 deleri
826 4392 882 4440 aG.
900 4393 1040 4440 Heremias
1061 4394 1142 4439 monet
1155 4390 1292 4454 Giirmme3

173 4476 224 4511 non
238 4468 319 4511 tamen
333 4464 385 4526 ipse
400 4464 554 4525 deletaeque
570 4464 640 4510 uncis
654 4462 765 4512 includit.

1146 4551 1159 4593 Ii
