2940 5076
252 387 315 454 tro
668 408 744 454 rans
767 408 949 455 rosrsmon.

294 584 403 650 Nemo
423 589 550 665 autem,
569 605 682 673 spere,
706 583 841 672 putabit
861 582 976 649 inedia
996 582 1144 672 quadam
1165 582 1294 668 ingenii
1313 585 1372 649 aut

251 692 354 759 enimi
402 692 554 758 siccitate
593 689 787 776 Vergilium
829 690 917 757 illud
962 691 1099 757 vitasse.
1144 688 1371 770 Concedatur,

250 821 393 890 quaeso,
414 798 527 882 nobis,
550 798 647 864 illum
667 819 735 864 uon
756 799 868 866 minus
889 798 976 864 hene
995 820 1101 889 quam
1119 796 1237 884 gallici
1257 797 1327 878 isti,
1353 818 1373 862 a

250 907 377 996 quibus
406 907 570 996 carpitur,
598 911 733 996 poetae,
760 905 938 972 Lauiniam
965 928 1063 973 suam
1091 904 1290 991 contingere
1310 926 1373 994 po-

250 1015 370 1096 tuisse,
392 1015 496 1080 itaut
524 1034 628 1079 uuam
655 1018 688 1078 ct
717 1013 791 1102 ipse
816 1014 957 1080 istarum
983 1013 1179 1103 puellarum
1209 1011 1374 1079 conderet

251 1143 337 1211 quas
353 1122 454 1188 etiam
470 1121 756 1211 praestantissimi
777 1121 867 1187 inter
880 1127 1015 1189 nostros
1032 1120 1214 1188 Scaenicos
1234 1119 1373 1209 saepius

248 1229 342 1316 justo
353 1229 655 1296 ieceruntteueros
667 1250 746 1295 suos
757 1250 891 1295 amores
907 1229 960 1295 vel
969 1230 1004 1295 in
1017 1249 1141 1296 scaena
1153 1226 1370 1316 suspirare...

250 1334 343 1402 Illud
363 1335 504 1402 demum
523 1336 700 1425 requirere
720 1335 819 1403 decet
838 1340 953 1402 utrum
975 1341 1054 1402 tune
1073 1358 1094 1401 a
1113 1357 1149 1401 se
1166 1334 1243 1423 ipsa
1264 1334 1373 1399 amari

250 1442 405 1532 profiteri
426 1442 569 1509 Lavinia
589 1442 719 1523 debuit,
741 1443 893 1514 Aeneam
914 1465 957 1509 an
977 1442 1157 1509 Turnum?

295 1548 394 1629 Quod
414 1550 442 1615 si
461 1551 611 1615 Turnum
633 1572 653 1614 a
672 1572 707 1615 se
728 1544 824 1636 diligi
846 1550 959 1615 verbis
976 1556 1009 1615 et
1024 1573 1059 1616 re
1082 1552 1201 1639 aperte
1221 1570 1373 1638 pronun-

249 1655 415 1738 tiavisset,
442 1657 584 1746 raptori,
614 1661 651 1722 ut
679 1657 727 1723 ita
758 1657 881 1738 dicam,
910 1657 1095 1747 persimilis
1120 1656 1254 1723 Aeneas
1279 1657 1372 1723 visus
1429 1682 1431 1687 ·

247 1760 369 1829 fuisset
390 1786 397 1832 :
419 1764 510 1830 unde
530 1765 637 1851 igitur
655 1764 724 1830 alia
742 1764 862 1830 lectori
883 1765 1063 1830 offerretur
1081 1785 1196 1845 causa,
1219 1786 1282 1829 cur
1299 1784 1372 1828 ma·

247 1867 324 1955 jore
340 1871 467 1937 invidia
483 1870 656 1958 trojanum
676 1870 830 1953 heroem,
844 1871 974 1959 majore
995 1876 1114 1938 contra
1132 1870 1372 1937 benevolentia

252 1976 405 2045 Turnum
427 1984 708 2068 prosequeretur.
725 2033 753 2045 ..

293 2085 446 2152 Aeneam
459 2094 578 2152 contra
595 2076 740 2152 Lavinia
758 2086 825 2152 sibi
845 2087 954 2174 magis
974 2086 1111 2176 placere
1136 2084 1367 2171 significante,

250 2193 366 2260 nescio
391 2216 433 2260 an
458 2182 690 2259 subridiculhs
709 2193 830 2260 suisset
849 2194 927 2283 pius
946 2195 1061 2275 heroe,
1074 2192 1133 2282 qui
1153 2191 1296 2281 quidem
1315 2191 1371 2257 fri-

251 2299 333 2385 gido
363 2323 431 2391 quo
461 2305 523 2384 est,
545 2341 589 2351 —
619 2305 654 2367 et
678 2322 753 2367 esse
777 2307 913 2391 oportet
937 2323 977 2366 ac
1001 2299 1111 2381 decet,
1133 2338 1177 2348 —
1200 2298 1371 2382 animc,a

249 2407 359 2473 tribus
388 2431 455 2475 uno
478 2409 514 2474 in
540 2412 698 2498 poemate
727 2408 942 2492 mulieribus,
965 2407 1102 2498 quietus
1130 2411 1165 2472 et
1186 2406 1370 2495 impertur-

248 2513 350 2581 batus
369 2516 456 2606 ipse‚
479 2522 611 2582 amatus
631 2516 777 2582 luisset?

292 2623 450 2690 Eundem
481 2646 563 2690 vero
592 2628 755 2712 tanquam
786 2623 1007 2690 liberatorem
1034 2643 1220 2713 oppressae
1249 2621 1321 2687 sive
1350 2644 1370 2688 a

247 2730 363 2796 Turno
389 2736 540 2820 raptore,
564 2731 635 2796 sive
655 2751 675 2795 a
694 2729 790 2797 duris
810 2731 1024 2820 parentibus,
1050 2729 1213 2796 Laviniae
1236 2727 1365 2803 induci,

245 2837 332 2903 illud
360 2837 500 2927 quidem
528 2836 714 2903 Voltairio¹
751 2844 785 2904 et
817 2837 942 2904 decimi
981 2837 1118 2927 septimi
1149 2835 1206 2901 vel
1243 2833 1369 2902 decimi
1400 2916 1403 2922 ³

244 2946 358 3011 octavi
382 2944 510 3011 saeculi
537 2944 645 3012 Gallis
673 2945 844 3034 placuisse
872 2944 1105 3032 intellegimus
1132 2942 1368 3028 :longissime

244 3075 326 3119 vero
354 3052 575 3119 abhorruisse
603 3052 659 3118 vel
685 3052 729 3118 ab
768 3039 988 3142 antiquorum
1021 3051 1156 3133 studiis,
1191 3051 1367 3117 amatoriis

244 3160 349 3226 rebus
373 3161 482 3228 multo
509 3161 623 3227 minus
647 3182 751 3249 quam
776 3164 931 3226 recentes
955 3160 990 3225 in
1014 3158 1231 3249 poematibus
1259 3158 1368 3224 inser-

244 3269 422 3349 vientium,
458 3267 512 3333 vel
540 3289 560 3332 a
584 3266 804 3354 Vergilianae
832 3267 994 3334 Aeneidis
1026 3267 1188 3352 religioso
1217 3287 1257 3332 ac
1286 3287 1367 3353 vere

245 3397 389 3442 romano
409 3375 551 3444 consilio
570 3375 794 3464 perspicuum
816 3379 877 3441 est.

288 3483 381 3568 Ergo
392 3482 477 3548 nihil
493 3483 615 3548 melius
632 3504 735 3569 agere
749 3483 861 3572 potuit
873 3482 1016 3550 Lavinia
1031 3503 1135 3571 quam
1146 3480 1233 3546 nihil
1246 3501 1365 3566 agere,

245 3590 422 3679 nullaque,
445 3595 482 3656 ut
503 3590 637 3679 opinor,
653 3591 842 3676 excogitari
860 3593 1002 3680 possent
1020 3588 1127 3655 verba
1146 3609 1234 3677 quae
1255 3588 1367 3674 magis

246 3719 322 3763 eam
341 3697 504 3763 decerent
523 3718 628 3786 quam
648 3697 851 3763 silentium².

276 3900 299 3948 1.
315 3898 440 3961 Vommnu,
464 3901 542 3949 Essai
566 3916 614 3950 aar
639 3902 666 3950 la
690 3901 778 3965 poesie
801 3903 902 3966 aptique,
927 3901 987 3951 1733
1011 3916 1017 3950 :
1039 3921 1050 3947 a
1073 3900 1098 3950 ll
1120 3899 1214 3965 sallait
1232 3901 1368 3966 peut-&tre

245 3961 359 4036 qu’h'nr'e
373 3975 417 4020 cett
431 3976 447 4021 ὰ
461 3972 574 4021 deliorer
588 3973 693 4022 Lauinia
704 3972 769 4021 d'un
783 3975 893 4031 ennemt,
908 3972 998 4036 plutei
1008 3972 1070 4037 qu'd
1083 3971 1227 4022 combuttre
1241 3973 1367 4038 unjeuae

245 4047 270 4092 et
292 4043 406 4093 airnable
427 4047 519 4092 amant
542 4044 588 4108 qui
608 4047 682 4094 avait
708 4047 766 4092 lunt
786 4046 817 4093 de
840 4044 924 4093 droits
944 4059 989 4092 aar
1007 4043 1086 4095 elle...
1102 4044 1126 4094 ll
1146 4059 1164 4094 a
1183 4048 1241 4108 trop
1256 4042 1317 4093 l'air
1330 4043 1367 4092 du

245 4116 376 4164 cavissem·
390 4114 422 4164 de
437 4116 550 4174 Lacinia,
561 4115 712 4179 j’aimerais
729 4116 795 4181 qu’il
809 4133 840 4166 eu
854 4118 898 4179 frtt
914 4116 936 4165 le
949 4131 1091 4180 venqeur...
1109 4117 1162 4166 Une
1179 4114 1239 4165 telle
1252 4115 1366 4179 disposi-

248 4188 302 4236 tion
319 4190 363 4235 cett
379 4189 421 4236 e'te'
433 4202 484 4239 uae
497 4202 587 4236 corrrce
601 4187 632 4237 de
647 4187 754 4238 beantes
768 4188 918 4245 rieurelles;
933 4187 956 4237 le
964 4189 1027 4251 p'ere
1041 4191 1066 4236 et
1081 4188 1110 4236 lo
1124 4189 1192 4238 mare
1207 4188 1239 4237 de
1253 4188 1365 4246 Lavinia,

247 4261 313 4307 cette
323 4259 406 4322 jeuhe
420 4260 549 4322 princesse
562 4260 651 4318 rueme,
667 4263 768 4309 errarent
786 4276 817 4309 eu
838 4260 882 4309 des
899 4275 1074 4325 persottnaqea
1085 4260 1148 4324 plus
1167 4258 1368 4309 coavenablesd

244 4345 332 4394 Jouer.
345 4349 355 4371 >1

280 4403 303 4450 2.
323 4401 394 4449 Suam
411 4417 464 4450 esse
479 4419 549 4465 posse
563 4403 602 4452 vel
620 4404 740 4452 inertibus
758 4405 869 4466 personis
890 4404 1007 4465 leporem,
1027 4404 1066 4452 vel
1089 4403 1171 4451 tacitis
1191 4401 1364 4467 eloquentiam,
1399 4398 1401 4402 ’

248 4478 333 4539 argute
349 4473 508 4526 demonstret.
525 4475 551 4528 C.
569 4476 677 4538 blasius,
692 4491 731 4542 op.
748 4475 802 4537 cit,
818 4491 841 4542 p.
860 4474 971 4528 108-109.
