2940 5076
179 346 242 416 122
594 370 670 451 raas
692 369 875 419 rosraaroa.

177 551 214 614 ut
224 546 362 614 voluere
373 545 514 637 quidam
529 544 861 613 ¹-hancAeneidis
876 544 1107 613 narrationem
1120 548 1288 633 putemus.

175 652 267 719 Fieri
288 675 369 719 sane
389 657 502 743 potest
521 658 557 718 ut
570 652 661 719 hune
676 652 719 719 de
735 655 855 743 primis
871 651 1035 720 Camillae
1049 651 1148 718 annis
1163 650 1294 736 digres-

176 781 252 826 sum
262 759 436 846 Vergilius
456 760 545 826 male
564 760 746 842 locaverit,
768 767 973 851 posteaque,
996 758 1025 826 si
1050 763 1188 847 tempus
1213 778 1294 847 sup-

175 867 341 956 petiisset,
362 866 438 932 loco
454 871 639 948 mutasset;
660 906 704 917 -
722 867 810 933 illud
828 889 909 933 vero
930 867 1050 955 liquet,
1067 865 1294 954 vituperatum

174 973 263 1040 hanc
281 972 434 1040 fabulam
454 973 610 1039 consulto
630 973 674 1039 ab
694 974 775 1040 illo²
796 973 961 1040 additam.

219 1077 286 1146 Cur
314 1084 429 1146 autem
456 1078 645 1161 addiderit,
679 1081 836 1171 quaestio
864 1086 925 1161 est,
955 1079 1101 1165 Egomet
1126 1076 1193 1145 hoc
1220 1100 1295 1144 esse

174 1209 297 1254 causae
326 1187 460 1277 opinor,
487 1210 556 1276 quo
576 1187 701 1254 clarius
729 1194 763 1254 et
782 1187 975 1254 distinctius
999 1184 1113 1252 efficta
1129 1183 1294 1252 Camillae

172 1292 307 1360 indoles
327 1293 504 1360 emineret.

219 1398 308 1467 Satis
328 1399 469 1489 quidem
484 1422 657 1491 superque
676 1402 740 1468 fuit
760 1401 806 1468 ad
824 1400 1136 1469 universamtotius
1155 1398 1295 1465 fabulae
1319 1398 1321 1402 ⁴

172 1506 365 1588 utilitatem,
387 1508 416 1572 si
436 1505 613 1591 Camillae,
635 1529 655 1574 a
674 1508 791 1575 Turno
810 1509 955 1589 accitae,
978 1506 1147 1573 adventus
1167 1507 1293 1595 primo,

172 1612 296 1678 deinde
326 1636 405 1679 cum
427 1614 610 1680 comitibus
634 1616 705 1681 suis
731 1616 896 1682 adversus
924 1615 1074 1681 Teucros
1098 1613 1295 1702 certamina

171 1719 460 1787 describerentur.
491 1720 578 1805 Sed,
609 1722 638 1787 si
657 1722 742 1788 nihil
763 1722 911 1812 amplius
929 1722 1136 1811 explicatum
1154 1719 1292 1794 fuisset,

174 1853 190 1886 α
212 1825 399 1894 bellatrieis
420 1854 455 1909 n,
484 1827 598 1895 subito
623 1830 912 1918 supervenientis,
942 1829 1173 1908 interventuS,
1210 1826 1295 1916 quid

172 1932 283 2016 aliud,
311 1956 456 2024 quaeso,
486 1935 626 2001 miranti
651 1936 771 2002 lectori
798 1936 878 2023 jure
903 1937 996 2002 visus
1022 1934 1162 2016 luisset,
1190 1955 1295 2023 quam

171 2038 310 2106 inficeta
344 2041 516 2130 quaedam
549 2064 694 2128 graecae
726 2042 964 2110 Penthesileae
991 2041 1175 2131 repetitio?
1204 2041 1295 2107 Num

204 2288 225 2337 l.
246 2289 336 2348 iterna,
362 2289 471 2340 Exsere.
497 2291 533 2338 ad
556 2289 653 2340 librum
674 2291 725 2340 Xl:
750 2311 762 2336 «
777 2292 872 2340 interea
892 2290 949 2338 lruic
968 2289 1080 2351 episodio
1103 2289 1187 2337 ultima
1207 2291 1294 2350 poetae

174 2375 260 2409 manus
274 2376 323 2409 non
340 2361 438 2409 admota
452 2376 506 2409 esse
522 2361 625 2423 videtur,
643 2378 695 2411 curn
711 2363 818 2411 narratio
836 2362 950 2421 cumipse
961 2360 1234 2422 'Aeneidisargumento
1244 2373 1293 2407 non

173 2431 233 2480 satis
247 2431 380 2491 coaluerit;
395 2431 454 2495 Opis
469 2437 549 2481 autem
565 2448 578 2481 a
592 2433 686 2482 Junone
702 2435 789 2482 missae
800 2434 959 2481 ministerium
969 2432 1010 2479 vir
1026 2446 1090 2490 eum,
1103 2445 1174 2493 quem
1189 2445 1293 2493 exspec-

173 2504 299 2563 tabamus,
311 2502 422 2551 ellectum
437 2504 535 2553 babeat.
554 2505 606 2553 Non
622 2509 718 2567 poterat
731 2520 745 2553 a
760 2510 835 2552 morte
852 2503 921 2553 fatali
943 2502 1068 2551 vindicare
1084 2501 1209 2550 Camillam
1224 2514 1292 2550 suam

172 2573 249 2620 Diana
265 2592 286 2632 »,
303 2574 345 2621 sed
360 2594 371 2619 o
388 2578 441 2622 erat
456 2579 543 2631 tamen,
555 2579 682 2638 antequam
697 2575 837 2624 discederet
853 2574 997 2637 <Opis>‚
1013 2586 1103 2634 corpus
1119 2586 1216 2634 pugnae
1231 2573 1293 2619 sub-

173 2643 311 2692 ducendum
331 2647 355 2691 et
371 2646 396 2692 in
412 2646 513 2707 patriam
530 2646 721 2708 deportandam,
738 2647 803 2709 quod
823 2646 876 2708 ipsa
895 2646 939 2693 dea
964 2645 1109 2706 promiserat
1124 2657 1151 2692 se
1173 2643 1292 2707 iacturam

173 2714 207 2776 (v.
219 2712 330 2777 593-591)
348 2729 378 2764 ne
394 2716 541 2778 spoliaretur
558 2721 599 2764 aut
614 2721 777 2765 truncaretur.
794 2717 867 2779 Atqui
884 2721 955 2779 poeta
968 2715 1014 2763 hoe
1028 2729 1076 2763 non
1095 2714 1188 2776 attigit;
1202 2714 1227 2760 in
1240 2727 1288 2775 quo

171 2786 283 2833 excusari
298 2786 360 2833 lorte
376 2791 468 2848 potest;
485 2787 517 2834 ad
534 2788 664 2835 artificium
686 2793 765 2835 tamen
781 2793 867 2849 poetae
886 2787 979 2835 reterre
1000 2786 1063 2833 hunc
1082 2785 1202 2832 delectum
1217 2783 1293 2831 nolim

174 2870 228 2904 cnm
244 2856 340 2916 Servio,
356 2856 380 2904 in
397 2864 423 2904 v:
437 2857 492 2906 593.
508 2877 519 2901 a
541 2858 640 2920 Egomet
660 2858 747 2907 Servio
769 2859 908 2916 adsentior,
923 2859 965 2921 qui
990 2857 1088 2920 quidem
1111 2860 1293 2918 peropportune

172 2930 240 2974 notat
255 2927 305 2976 alio
320 2942 418 2990 quoque
435 2929 461 2975 in
475 2929 528 2977 loco
543 2929 570 2992 (1,
586 2929 641 2990 683)
657 2943 707 2978 rem
721 2931 916 2992 praenuntiatam
931 2943 979 2976 non
996 2928 1070 2976 luisse
1085 2942 1099 2975 a
1113 2926 1222 2988 Vergilio
1237 2939 1293 2973 nar-

172 3002 248 3046 ratam
263 2997 361 3059 qnando
371 2998 433 3047 lacta
443 3004 489 3048 est.
501 2999 592 3048 Dianae
607 3001 727 3063 premissa
742 3001 773 3048 de
784 3001 905 3048 servando
918 2998 1032 3047 Camillae
1043 3011 1154 3060 corpore,
1168 3001 1210 3045 ant
1220 2995 1290 3044 obliti

172 3083 255 3116 sumus
271 3068 315 3117 sub
342 3070 446 3131 episodii
467 3071 551 3130 linem,
566 3076 608 3118 aut
622 3071 642 3118 si
656 3071 858 3126 reminiscimur,
879 3070 1023 3118 confidimus
1042 3083 1071 3117 ea
1086 3068 1197 3129 ellectum
1222 3080 1293 3114 suum

171 3138 283 3188 habitura
306 3153 369 3188 esse.
394 3140 512 3202 imperata
540 3146 713 3204 exsequentem
735 3140 806 3202 Opim
837 3141 1013 3202 descripsisse,
1042 3154 1090 3202 quo
1115 3138 1293 3201 pertinuisset?

172 3209 207 3261 Ct.
229 3209 258 3258 C.
292 3209 403 3269 Mamur,
428 3212 466 3261 La
487 3211 646 3260 Delicatesse
665 3211 733 3260 dans
752 3211 826 3269 t'art,
849 3212 887 3262 cb.
912 3227 927 3260 rr
950 3211 1005 3273 (Les
1026 3209 1247 3271 sous-enteadas.)
1262 3234 1292 3244 -

172 3280 335 3330 Parabatur:
351 3301 363 3326 «
378 3282 519 3331 Maluissem
529 3283 663 3346 Vergilium
678 3299 692 3332 a
706 3298 812 3346 persona
823 3283 945 3345 nymphae
960 3281 1020 3344 Opis
1036 3282 1107 3344 plane
1120 3281 1292 3330 abstinuisset.

173 3351 259 3400 Omnia
271 3354 300 3401 ad
317 3366 369 3400 eam
382 3354 530 3416 pertinentia
544 3355 601 3402 etin
616 3355 701 3414 rebus,
719 3359 743 3404 et
757 3355 783 3402 in
797 3355 880 3403 verbis
894 3355 928 3402 ita
944 3359 1001 3401 sunt
1015 3357 1132 3415 concepta
1147 3356 1173 3399 ut
1189 3353 1294 3400 tortasse

173 3422 234 3471 Silio
248 3422 338 3484 italico,
357 3438 404 3472 non
420 3425 562 3473 Latinorum
581 3430 706 3487 poetarum
725 3427 836 3489 principe
853 3425 926 3487 digna
942 3425 1104 3486 reperiantur.
1122 3443 1134 3468 u
1151 3423 1290 3474 Foaaraan:

174 3511 186 3536 «
200 3492 229 3539 Et
243 3507 301 3541 sane
324 3493 362 3540 hic
377 3494 573 3543 locusestinter
594 3496 657 3544 inter
675 3496 842 3558 languidiores
863 3501 887 3544 et
912 3496 991 3543 minus
1015 3495 1112 3542 limatos
1130 3494 1257 3542 Aeneidis.
1281 3511 1293 3536 a

176 3563 241 3611 Nihil
265 3564 377 3626 equidem
400 3565 477 3613 fateor
502 3567 527 3613 in
550 3567 597 3614 hoc
620 3567 731 3630 episodio
753 3567 813 3615 adeo
839 3566 980 3614 mendosum
1002 3566 1059 3612 mihi
1078 3579 1207 3614 occurrere
1229 3562 1295 3627 qnod

176 3633 284 3696 Vergilio
309 3636 425 3683 tributum
448 3636 532 3688 nolim.
556 3637 645 3686 Contra
666 3639 741 3686 multo
762 3638 854 3686 rectius
878 3637 956 3696 addit,
979 3642 1005 3684 ut
1028 3635 1122 3698 opinor,
1148 3636 1266 3684 Formosa
1287 3649 1294 3683 ε

177 3725 189 3750 «
205 3707 308 3765 <inde
325 3709 450 3764 >tamen
467 3722 514 3755 non
537 3710 657 3772 sequitur,
682 3709 747 3771 quod
773 3709 916 3770 Peerlkamp
938 3708 1088 3769 suspicatur,
1106 3708 1217 3756 relictum
1241 3719 1295 3754 eum

176 3778 292 3836 <locum
302 3781 399 3834 >esse
415 3793 428 3826 a
443 3777 550 3842 Vergilio
565 3780 651 3828 leviter
666 3779 738 3828 modo
753 3779 904 3839 inchoatum,
932 3782 955 3827 et
973 3780 1003 3827 ab
1023 3779 1071 3827 alio
1087 3783 1161 3841 poete
1174 3783 1296 3841 postenn-

177 3862 230 3897 rum
245 3852 380 3910 temporum
394 3849 484 3897 infelici
501 3865 616 3900 successu
632 3852 792 3900 elaboratum.
811 3869 822 3894 »

208 3919 232 3970 2.
251 3939 263 3963 «
279 3921 316 3966 Ab
332 3919 373 3967 illo
390 3938 411 3980 »,
428 3921 533 3983 inquam,
548 3921 604 3984 quia
618 3937 682 3970 nunc
692 3922 790 3983 quidem
806 3921 871 3969 nulla
882 3921 952 3969 nobis
970 3935 1045 3970 eausa
1058 3920 1117 3969 mibi
1131 3920 1228 3969 videtur
1243 3935 1297 3969 esse

178 4003 221 4038 cur
235 3988 335 4038 Varium
355 3994 378 4037 et
397 3991 500 4038 Tuccam
523 3992 692 4041 nonnullorum
713 3993 819 4040 locorum
840 3991 950 4039 ordinem
972 3996 1134 4040 commutasse
1157 3991 1296 4044 credamus.

177 4060 240 4109 illud
255 4063 318 4108 enirn
332 4061 428 4110 demum
441 4076 454 4110 e
467 4061 641 4112 Sueroanita
657 4061 771 4128 Vergilii,
787 4061 826 4121 311,
840 4061 875 4119 it,
892 4064 1053 4125 comperimus
1064 4062 1160 4110 Varium
1175 4063 1247 4110 amici
1260 4062 1297 4110 sni

177 4147 240 4194 opus
255 4151 267 4177 u
279 4133 415 4180 summatim
425 4135 603 4189 emendavisse,
620 4142 644 4182 ut
659 4135 699 4197 qui
715 4149 801 4182 versus
814 4134 885 4182 etiam
899 4134 1054 4195 irnperlectos
1070 4133 1141 4181 sicuti
1156 4139 1226 4181 erant
1240 4133 1297 4182 reli·

177 4204 257 4266 querit
273 4223 284 4246 u
299 4208 323 4251 et
337 4223 349 4247 «
366 4204 468 4252 duorum
484 4222 496 4248 »
512 4206 677 4254 tantummodo
693 4226 704 4250 a
721 4206 836 4253 librorum
849 4205 959 4252 ordinem
975 4209 1144 4253 commutasse.
1160 4224 1172 4247 a
1189 4223 1200 4248 u
1218 4204 1297 4252 Parti·

177 4276 300 4323 eulrrtim»
320 4274 457 4336 Vergilius,
485 4277 568 4335 fateor,
594 4278 824 4340 «conposuisse»
850 4291 937 4339 poema
958 4276 1056 4334 dicitur,
1083 4295 1094 4320 «
1117 4281 1189 4338 prout
1210 4276 1298 4324 liberet

178 4347 284 4409 quidque
293 4352 316 4394 et
328 4346 388 4393 nibil
403 4347 428 4393 in
439 4347 550 4396 ordinem
563 4350 683 4411 arripiens
692 4347 774 4410 (teia,
784 4347 836 4412 14);
848 4368 859 4392 »
875 4348 935 4396 nibil
948 4350 1027 4395 autem
1041 4361 1086 4395 nos
1101 4347 1195 4396 inducit
1210 4352 1236 4396 ut
1245 4361 1296 4396 cre-

177 4417 262 4466 damus
275 4416 425 4482 pcrticutas
440 4419 494 4466 illas
508 4435 556 4468 non
573 4422 603 4469 ab
619 4422 672 4482 ipso
687 4418 795 4483 Vergilio
811 4420 887 4468 tuisse
902 4410 1025 4468 connexas
1040 4423 1064 4467 et
1075 4423 1225 4482 compactas.
