2940 5076
549 384 646 430 ιιιιιι
672 381 821 430 ιιιιιιιιιιι,
1204 358 1253 427 73'

128 559 244 649 risque
268 558 455 625 lectoribus
478 558 614 625 Aeneas
638 558 830 649 displiceat,
862 559 979 625 solitos
1003 559 1064 648 qui
1087 558 1249 625 dicuntur

127 665 234 732 fuisse
254 666 487 756 antiquorum,
506 665 677 756 imprimis
703 667 739 733 in
757 665 897 732 heroico
917 686 1015 749 aevo,
1035 686 1150 735 mores
1175 685 1246 732 res·

128 774 338 864 pexerimus,
367 773 455 840 nihil
482 773 578 840 aliud
613 795 716 861 agere
753 774 907 841 Aeneam
932 773 1031 840 facile
1051 773 1245 845 videbimus

128 903 233 972 quam
251 881 345 972 quod
363 886 442 949 ante
461 881 560 952 illum
579 881 680 949 multi
692 881 815 949 heroes
831 881 942 969 egisse
956 881 1118 949 dicuntur
1134 903 1142 951 ε
1158 881 1249 950 inter

128 1011 216 1080 quos
231 989 311 1057 Jaso
332 994 366 1057 et
384 988 550 1060 Theseus.

172 1097 275 1164 Nulla
294 1097 386 1165 enim
406 1119 480 1168 esse
500 1101 613 1189 potest
632 1099 865 1169 controversia
884 1098 968 1188 quin
992 1097 1115 1190 priscis
1135 1120 1250 1166 remo-

127 1207 339 1273 tissimorum
358 1211 554 1296 temporum
573 1205 656 1273 viris
680 1204 782 1296 plane
800 1205 975 1273 inauditus
1000 1211 1035 1272 et
1052 1207 1249 1298 inexpertus

128 1337 226 1381 amor
243 1313 308 1380 iste
323 1313 438 1397 fuerit,
458 1335 526 1403 quo
546 1314 600 1378 vir
619 1334 736 1380 amans
757 1319 890 1380 amatae
909 1313 1058 1381 feminae
1074 1337 1179 1405 seque
1201 1320 1251 1380 to-

127 1427 199 1489 tam
218 1422 369 1489 tradenti
389 1421 582 1508 obligatum
610 1443 646 1487 se
675 1425 775 1510 putat
800 1444 840 1487 eo
863 1421 940 1512 ipso
968 1427 1088 1489 mutuo
1117 1442 1247 1504 amore,
1322 1444 1324 1449 ’

128 1531 228 1620 quasi
256 1529 453 1600 firmissimo
483 1528 638 1613 vinculo,
672 1527 862 1618 ideoque
853 1551 889 1594 ιιι
924 1529 999 1616 ejus
1024 1529 1248 1619 obsequium,

128 1660 327 1729 quanquam
347 1637 506 1705 viribus
500 1641 534 1704 et
552 1635 690 1725 ingenio
711 1636 843 1722 melior,
866 1636 1006 1704 velut
981 1659 1010 1708 sl
1029 1638 1072 1704 de
1093 1658 1154 1704 suo
1171 1636 1250 1725 jure

76 1738 285 1829 succedat,
307 1745 425 1813 inflect
411 1746 505 1813 titur.

172 1854 367 1924 Mulieres
358 1854 422 1940 1git
423 1875 465 1920 ur
491 1853 554 1936 illi,
582 1854 889 1945 quotienscumque
915 1877 984 1922 non
1006 1859 1045 1920 ut
1062 1875 1251 1945 puerorum

126 1963 320 2049 genetrices
346 1961 414 2033 sibi
429 1959 625 2050 adjungunt
646 1961 738 2052 (tuno
758 1963 849 2028 enim
869 1961 983 2032 stabili
1003 1963 1152 2029 conubio
1168 1961 1250 2049 jun-

128 2070 260 2159 gendas
281 2091 355 2138 esse
374 2070 580 2160 plerumque
599 2069 831 2162 intellegunt),
854 2070 953 2138 sicuti
970 2070 1111 2137 demum
1131 2071 1252 2160 volup-

126 2180 208 2247 tatis
226 2181 455 2246 instrumente
473 2176 645 2269 quaedam
672 2177 802 2245 hebere
832 2179 960 2260 solent;
985 2179 1021 2245 in
1041 2201 1129 2269 quae
1157 2179 1252 2245 nulla

126 2287 207 2374 lege
225 2287 269 2354 ad
288 2287 443 2354 debitum
472 2285 660 2376 quodpiam
684 2286 836 2353 officium
855 2286 1125 2373 obstringuntur.
1147 2285 1252 2372 Fugi-

128 2397 200 2462 tivo
237 2394 476 2462 tantummodo
511 2415 590 2461 cum
616 2393 657 2461 iis
690 2392 942 2461 oblectamento
978 2393 1152 2478 fruuntur,
1187 2416 1251 2460 nec

129 2503 226 2571 aliud
258 2503 343 2594 quid
378 2502 535 2594 polliceri
567 2523 603 2569 se
636 2523 738 2592 posse
772 2501 994 2584 arbitrantur,
1028 2523 1133 2592 quam
1157 2500 1251 2591 quod

128 2611 295 2681 Aeneas:

431 2737 490 2790 Nec
505 2747 552 2789 me
566 2733 741 2789 meminisse
755 2733 866 2800 pigebit
881 2733 992 2788 Elissae

260 2817 333 2872 dum
347 2829 460 2872 memor
474 2818 536 2882 ipse
552 2815 624 2878 mei,
642 2815 713 2869 dum
729 2815 850 2881 spiritus
863 2814 918 2868 hos
932 2815 1009 2880 regit
1023 2819 1114 2868 artus.

172 3026 292 3118 Neque
313 3027 453 3095 enimin
474 3048 593 3094 eorum
612 3029 763 3093 mentem
783 3025 877 3092 venit
896 3023 990 3114 quod
1006 3023 1248 3112 hujuscemodi

128 3156 225 3203 amor
248 3134 343 3202 aliud
367 3156 471 3225 quam
500 3134 645 3201 bellicae
671 3139 729 3200 aut
757 3133 903 3199 errantis
932 3133 1043 3199 vitee¹
1064 3132 1248 3202 diverticu-

124 3243 200 3310 lum
219 3243 394 3334 quoddam
415 3264 490 3309 esse
510 3242 644 3331 queat².
675 3241 727 3308 Ea
745 3245 796 3310 est
820 3241 974 3307 omnium
997 3239 1155 3324 heroum,
1174 3244 1247 3332 qui-

125 3351 247 3419 busin
269 3351 477 3433 Graecorum
497 3354 557 3416 aut
574 3348 787 3430 Latinorum,
809 3348 864 3414 vel
890 3348 1008 3438 epicis
1031 3349 1085 3414 vel
1105 3350 1245 3435 tragicis

124 3460 183 3526 vel
209 3460 326 3548 lyricis
355 3459 490 3548 scriptis
520 3456 748 3538 occurrimus,
782 3456 973 3522 eommunis
1000 3457 1190 3540 sententia3
1221 3459 1243 3524 ii

126 3571 208 3633 sunt
236 3567 327 3634 soliti
345 3588 474 3648 mores,
497 3586 538 3633 ea
566 3565 721 3652 legitima
749 3568 784 3630 et
802 3551 976 3630 ordinaria
996 3565 1241 3632 consuetudo³.

158 3761 181 3814 1.
197 3762 262 3812 Bene
276 3761 338 3811 Dido
352 3762 459 3811 Aeneam
474 3761 581 3811 nominat
593 3774 598 3808 :
609 3780 620 3806 u
633 3759 762 3811 bostem...
778 3760 919 3822 superbum,
933 3779 944 3805 »
955 3760 997 3819 IV,
1013 3760 1067 3812 424.
1078 3761 1244 3825 Sicutoptime

124 3835 269 3884 Premuuur
287 3853 299 3880 ιι
314 3834 436 3898 Vergilius
448 3834 494 3882 boo
509 3834 535 3896 (i.
552 3847 574 3882 e.
591 3833 683 3881 scilicet
698 3830 808 3894 hostem]
823 3832 882 3880 dicit
895 3847 967 3881 seusu
982 3847 1092 3883 romano,
1105 3851 1116 3877 ιι
1129 3833 1158 3883 V.
1170 3833 1243 3895 inira,

147 3905 286 3967 .8t‚n.1..

124 3923 142 3972 p
155 3978 178 4030 2
195 3978 231 4030 uf.
248 3979 273 4026 in
287 3977 412 4041 Euripidis
423 3975 514 4025 Medea
527 3975 650 4036 iasonem,
665 3989 715 4023 non
727 3974 798 4024 aliter
811 3989 884 4038 quam
899 3974 996 4024 Aeneas
1016 3980 1040 4024 et
1061 3976 1205 4025 sentientem
1219 3981 1244 4026 et

121 4051 318 4115 loquentem-
331 4049 403 4112 Apud
418 4049 573 4111 Apollonium
588 4061 696 4110 quoque,
713 4048 811 4108 paulum
825 4049 896 4097 abest
912 4050 937 4095 ut
951 4047 1061 4097 Medeam
1075 4047 1132 4096 taso
1143 4047 1243 4096 vixdum

123 4137 138 4172 a
152 4122 269 4172 Colchide
282 4121 378 4184 protect
379 4135 408 4168 us
424 4120 577 4183 derelinquat
591 4117 739 4182 (1.1v‚338
756 4120 821 4182 sqq.)

154 4193 177 4243 3.
196 4194 232 4243 De
247 4193 293 4242 hoc
306 4206 402 4256 quoque
416 4205 464 4239 uon
480 4191 605 4272 inepteP.
622 4156 724 4250 Carion,
746 4189 824 4254 Virp„
841 4189 882 4251 IV,
898 4205 922 4254 p.
940 4191 1028 4241 129:‹
1028 4189 1125 4240 ll
1087 4194 1125 4240 es
1136 4206 1173 4242 ιιιι
1187 4207 1244 4242 cer

124 4266 184 4315 tain
201 4264 306 4315 nombre
328 4264 359 4313 de
372 4278 464 4328 gens
488 4263 534 4327 qui
552 4276 578 4311 se
599 4264 657 4310 sont
677 4262 773 4311 ememtes
793 4265 884 4312 contre
904 4261 1068 4312 l'inserrsr'bili
1048 4254 1240 4316 lted'b'nee...

123 4329 240 4403 Etranpe
253 4337 406 4400 corruptiore
420 4336 453 4384 de
468 4349 515 4383 nos
528 4333 642 4383 moeurc!
660 4332 791 4383 L'endror't
806 4333 839 4382 de
852 4320 970 4384 ἰἘιιέὶἀε
985 4336 1032 4399 qui
1047 4336 1091 4398 sut
1107 4339 1186 4456 peut·
1172 4337 1242 4385 -etre

124 4408 224 4474 lepluc
242 4409 375 4474 approuve
391 4407 436 4457 des
453 4407 579 4455 Romaim
596 4404 697 4455 sallire
718 4405 743 4456 le
755 4404 818 4470 plus
838 4405 866 4456 la
886 4421 993 4456 censure
1013 4405 1075 4456 duo
1089 4408 1168 4458 siecle
1186 4409 1239 4474 qui,

123 4487 200 4535 etc.»
215 4481 252 4531 Cf.
268 4481 414 4544 (tortuosos,
429 4477 542 4539 intend,
557 4493 582 4542 p.
599 4477 636 4528 12.

1121 4579 1134 4625 6
