2940 5076
179 381 222 448 60
631 398 707 446 rans
730 398 834 446 aaron.

223 578 298 643 Non
318 577 423 662 igitur
445 575 490 642 ab
509 576 621 658 Anna,
642 575 764 656 fateor,
787 574 831 641 ad
855 596 1008 642 amorem
1033 575 1165 665 impelli
1192 574 1297 642 Dido·

177 704 257 752 nem
276 683 449 770 Vergilius
469 683 570 767 lacit3
592 722 635 732 -
653 704 804 771 namque
828 682 886 749 illa
905 684 1001 773 prius
1026 688 1060 750 et
1083 681 1238 765 amabat,
1263 688 1298 748 et

110 875 112 887 Ι
177 813 285 882 usque
304 813 454 856 amare«
475 790 579 856 fixum
602 819 618 852 »
640 791 671 856 ei
691 791 973 880 «immotumque
997 817 1012 854 o
1030 792 1143 857 animo
1166 817 1182 852 o
1199 789 1298 859 sede-

174 897 254 981 bnt;
279 923 294 960 o
320 936 365 946 -
387 919 507 964 verum
527 897 572 963 ab
590 897 690 964 Anna
708 897 808 984 fingit
832 898 942 964 arceri
962 903 996 964 et
1015 898 1114 987 quasi
1134 897 1235 964 evelli
1256 919 1298 963 ea

176 1006 249 1073 sola
268 1028 356 1096 quae
377 1005 518 1072 Didonis
535 1007 643 1072 amori
662 1007 814 1092 graviter
833 1005 985 1072 officiant
1003 1014 1037 1071 et
1053 1005 1294 1072 adversentur.

87 1133 91 1145 ·
174 1113 229 1179 Ab
267 1112 388 1179 eadem
425 1124 562 1202 quoqu'e
598 1113 700 1178 Anna
720 1133 793 1193 ¹eas
825 1111 926 1200 fingit
952 1112 1132 1203 praetendi
1159 1133 1293 1193 causaS,

175 1221 301 1309 quibus
320 1219 470 1310 impulsa
488 1219 576 1286 Dido
596 1242 664 1286 nou
684 1219 796 1289 solum
813 1219 918 1288 licere
939 1220 1004 1286 sibi
1017 1225 1114 1310 putet
1127 1240 1293 1292 amorem,

175 1327 237 1396 sed
260 1332 293 1394 et
311 1327 475 1417 imperari
497 1350 504 1396 :
528 1326 697 1394 nascentis
716 1325 793 1393 dico
812 1329 910 1413 regni
928 1327 1122 1393 utilitatem.
1147 1325 1244 1393 Sicut
1263 1330 1298 1391 et

170 1436 218 1501 ait
235 1436 310 1524 ipse
331 1433 446 1501 verbis
460 1434 503 1500 ad
518 1435 695 1501 veritatem
708 1434 810 1525 plane
826 1434 1092 1500 accommodatis
1104 1432 1293 1519 Vergiliae,

171 1540 272 1608 Anna
292 1569 308 1604 κ
326 1542 499 1608 incensum
519 1542 672 1607 animum
693 1541 920 1630 inflammavit
941 1563 980 1623 »3
1002 1542 1103 1608 Anno
1119 1568 1135 1602 «
1154 1539 1297 1607 resolvit

172 1648 315 1738 pudoris
332 1649 428 1735 jura3
449 1676 464 1710 n
486 1649 584 1715 Anna
608 1675 623 1709 o
645 1648 746 1717 solvit
765 1646 915 1715 Deorum
935 1653 1065 1715 metum
1084 1674 1100 1710 n
1118 1671 1186 1738 quo
1205 1646 1297 1713 inhi-

173 1756 246 1823 bita
264 1753 352 1823 Dido
373 1755 610 1837 cunctabatur,
631 1755 679 1821 ita
697 1778 740 1821 ne
764 1755 893 1842 injuria
914 1756 1078 1846 deinceps
1103 1755 1297 1822 exclamare

173 1861 344 1929 Didonem
363 1868 466 1953 poeta
485 1862 604 1929 fecerit
625 1884 632 1933 :
1212 1852 1218 1869 .

360 2105 400 2155 Tu
414 2102 546 2156 lacrimis
560 2103 656 2156 evicta·
668 2103 752 2168 meis,
767 2111 796 2155 tu
811 2103 907 2169 prima
921 2104 1068 2157 furentem

361 2175 424 2236 His,
441 2188 591 2242 germana,
606 2175 686 2226 molis
698 2191 796 2228 oneras
809 2185 888 2242 atque
901 2176 997 2242 objicis
1010 2177 1079 2238 boeti
1087 2177 1106 2228 ¹.

139 2479 143 2494 ,
220 2391 302 2459 Tale
330 2396 445 2460 autem
471 2391 557 2458 nihil
585 2392 678 2482 apud
704 2393 837 2482 priores
865 2398 985 2482 poetas
1013 2413 1099 2482 quos
1120 2391 1296 2478 Vergilius

177 2505 312 2567 secutus
333 2505 385 2566 est
403 2500 568 2590 reperias.
589 2499 708 2589 Neque
729 2501 820 2567 enim
840 2499 1035 2566 homericae
1055 2499 1158 2581 Deae,
1180 2521 1294 2589 neque

176 2606 377 2673 Theocritea
408 2606 595 2691 Simaetha,
621 2629 734 2696 neque
768 2607 958 2674 Catulliana
986 2606 1149 2690 Ariadna,
1181 2629 1296 2697 neque

177 2714 280 2778 etiam
300 2712 392 2803 apud
411 2713 612 2804 Euripidem
631 2713 801 2797 Phaedra,
825 2714 869 2780 ab
881 2802 882 2807 ἵ
894 2714 961 2780 alio
986 2714 1149 2804 quopiam
1168 2714 1296 2804 impel-

175 2818 299 2886 lendae
319 2825 398 2887 sunt
415 2825 453 2886 ut
479 2821 545 2887 sibi
568 2821 635 2909 ipsi
655 2843 787 2888 morem
806 2843 927 2908 gerere
953 2821 1071 2888 velint.

221 2926 341 3016 Neque
371 2926 414 2993 de
439 2928 515 3017 ipsa
542 2928 774 3017 Apolloniaua
795 2928 918 2998 Medea
940 2929 1041 2995 aliter
1060 2929 1134 2995 fieri
1155 2951 1297 3021 compe-

175 3034 295 3116 rimuS,
317 3034 453 3100 tametsi
469 3035 500 3100 ei
521 3033 704 3124 Chalciope
720 3058 818 3102 soror
835 3035 944 3102 adest.
960 3035 1052 3101 Nihil
1067 3037 1157 3102 enim
1175 3059 1296 3103 revera

178 3139 363 3230 Chalciope
391 3141 543 3207 confert2
571 3147 608 3225 ut
635 3163 732 3209 soror
757 3142 919 3210 Jasonem
943 3148 1035 3236 amet
1061 3150 1095 3210 et
1119 3150 1295 3233 sequatur.

177 3248 279 3314 Nullo
305 3247 427 3316 Medea
452 3248 605 3328 oonsili0,
633 3249 699 3315 nisi
723 3272 796 3333 suo,
822 3251 947 3332 utitur3
975 3250 1041 3317 sibi
1070 3251 1134 3319 soli
1162 3250 1299 3317 obtem-

177 3361 287 3445 perat.
316 3355 381 3422 Ubi
401 3377 483 3443 ergo
504 3356 557 3421 sui
575 3356 611 3422 in
634 3355 797 3422 Jasonem
816 3358 943 3424 amoris
963 3359 1099 3424 conscia
1119 3358 1209 3424 lacta
1232 3363 1295 3441 est,

178 3484 295 3530 secum
313 3463 390 3554 ipsa
408 3468 555 3552 reputat,
577 3475 753 3553 nunquam
778 3463 853 3529 fieri
879 3486 981 3554 posse
1006 3469 1044 3530 ut
1066 3466 1173 3531 telum
1195 3465 1294 3547 illud,

179 3593 248 3660 quo
267 3569 484 3637 vulneratam
503 3592 539 3640 se
560 3571 673 3653 sentit,
695 3591 771 3637 eam
790 3570 975 3661 relinquat,
1000 3572 1063 3638 etsi
1088 3571 1205 3639 Jasoni
1228 3594 1297 3638 non

179 3678 363 3767 patefaciat
394 3701 463 3768 qua
489 3678 525 3744 iu
553 3699 632 3745 eum
665 3678 827 3769 cupidine
854 3678 1046 3765 deflagret3
1081 3679 1165 3769 quid
1192 3680 1300 3765 igitur

180 3786 340 3852 resistere
360 3808 399 3852 ao
428 3785 528 3852 silere
548 3786 701 3875 prosit³t
724 3785 774 3853 Ea
799 3787 953 3876 profecto
975 3787 1098 3856 Medea
1122 3791 1184 3869 est,
1208 3808 1298 3876 quae

116 4101 117 4104 ¹
213 4084 234 4135 1.
254 4087 289 4137 Cf.
308 4087 399 4145 Hanni,
413 4085 537 4146 Aeneida,
550 4084 579 4146 ll,
599 4102 623 4149 p.
639 4087 693 4136 590.
710 4115 740 4125 -
753 4086 870 4149 erdacn,
885 4105 951 4141 neue
965 4091 1095 4157 Beitrctpe,
1109 4107 1134 4154 p.
1145 4090 1199 4151 171,
1215 4093 1299 4142 verbis

182 4157 237 4206 istis
259 4159 361 4207 subesse
382 4158 486 4221 aliquam
508 4159 627 4207 adversus
649 4160 743 4208 Annam
769 4161 962 4211 criminationem
982 4178 1032 4211 non
1054 4167 1129 4226 putat.
1157 4163 1208 4227 Epo
1228 4178 1299 4212 secus

182 4229 287 4291 opinor;
303 4235 327 4279 et
347 4231 382 4279 sic
406 4229 520 4278 Ovidium
543 4230 694 4280 intellexisse
716 4231 796 4297 video,
811 4232 883 4294 Her„
896 4234 948 4294 Vll,
966 4233 1008 4284 191
1027 4249 1032 4283 :
1050 4233 1125 4283 Soror
1143 4236 1214 4283 Anna
1232 4250 1299 4286 meae

182 4300 253 4350 male
266 4304 364 4352 conscia
376 4303 471 4365 culpae.

214 4373 237 4421 2.
257 4372 293 4423 Ct.
309 4374 409 4433 Arcum,
423 4375 529 4438 Arpon,
542 4373 581 4432 lll,
597 4373 709 4426 ooo-743.
733 4371 741 4380 '

214 4444 238 4495 3.
256 4444 333 4506 ltro,
350 4445 455 4508 111170,
468 4446 523 4510 784,
534 4445 587 4496 185.
