2940 5076
582 391 680 437 orror
705 392 875 439 suouunuu.
1246 369 1288 436 33

170 553 377 653 Vergilium,
400 588 576 656 nunquam
596 589 679 632 vero
699 565 742 632 de
762 565 927 650 Molosso,
951 567 1011 657 qui
1030 588 1073 632 ne
1091 565 1289 633 nominatur

171 672 313 761 quidem
333 696 354 740 a
371 680 485 764 poeta.

216 778 306 846 Num
326 785 441 848 autern
460 787 596 872 oportet
614 782 819 849 inclitissimi
833 780 927 872 apud
943 780 1058 849 Gallos
1071 781 1137 846 hoc
1150 781 1290 846 ineunte

172 887 311 955 saeculo
331 889 528 978 scriptoris1
547 889 659 956 refelli
675 890 884 979 opinionem,
903 890 961 978 qui
973 887 1127 974 Vergilio
1146 887 1212 953 hoc
1232 887 1292 952 oh-

169 994 245 1082 jicit
264 995 357 1086 quod
376 995 620 1064 Andromacha
639 997 752 1064 subito
773 997 965 1063 occurrenti
982 997 1120 1062 Aeneae
1144 1016 1213 1060 non
1238 992 1292 1060 di·

172 1109 247 1171 cat:
265 1104 479 1193 «Astyanax,
501 1104 562 1171 ubi
582 1106 696 1172 estl...
718 1132 748 1187 u,
767 1104 829 1170 sed
850 1132 865 1166 c
885 1104 1024 1186 Hector,
1037 1103 1099 1169 uhi
1116 1097 1232 1169 estl...
1258 1129 1288 1185 u,

172 1211 272 1300 quasi
290 1212 338 1277 sic
356 1211 416 1278 illa
435 1212 600 1279 fateretur
618 1234 726 1304 parva
744 1235 779 1281 se
800 1213 939 1278 caritate
960 1212 1163 1278 exstinctum
1182 1209 1293 1275 fllium

171 1318 380 1408 prosequi²l
398 1319 519 1386 Nonne
540 1328 658 1386 contra
678 1320 819 1386 meliore
836 1320 915 1406 jure
935 1316 1142 1408 reprehendi
1162 1317 1292 1407 potuis-

172 1430 236 1508 set,
257 1426 286 1490 si
304 1427 401 1516 prius
423 1427 465 1493 de
483 1427 554 1493 filio
575 1449 677 1517 quarn
699 1427 742 1494 de
762 1427 909 1515 conjuge
928 1424 1211 1517 percontaretur?
1229 1421 1290 1490 Ille

172 1554 254 1598 vero
274 1532 430 1620 conjugis
451 1555 549 1600 amor
568 1540 722 1602 materno
741 1556 811 1601 non
829 1540 931 1600 nocet
950 1534 1059 1599 amori
1080 1555 1087 1600 ε
1110 1532 1197 1598 alter
1213 1537 1291 1596 tan-

170 1641 350 1707 tummodo
370 1642 479 1709 altero
499 1644 595 1732 prior
614 1644 837 1733 expromitur.
848 1641 955 1731 Atqui
975 1664 1015 1708 ex
1031 1641 1100 1707 illis
1115 1639 1290 1727 «geminis

172 1749 242 1815 aris
264 1776 293 1832 »,
315 1772 439 1839 quas«
461 1750 668 1818 Hectoreum
688 1750 733 1818 ad
751 1750 923 1818 tumulum
945 1778 961 1812 »
983 1749 1131 1819 sacravit
1153 1746 1291 1814 Andro-

171 1856 310 1940 macha,
340 1880 444 1925 unam
466 1859 683 1946 Astyanactis
703 1858 861 1926 Manibus
882 1858 1031 1924 dicatam
1053 1856 1194 1924 credere
1214 1855 1291 1946 quis

146 2019 149 2023 .
171 1967 285 2030 vetat?
313 1964 461 2033 Versum
488 1966 579 2032 enim
606 1966 724 2050 istum,
746 1966 789 2032 de
814 1989 883 2056 quo
913 1966 1135 2055 disceptatur,
1163 1965 1211 2030 sic
1235 1984 1292 2029 ex·

171 2071 308 2161 planari
327 2094 429 2163 posse
458 2074 618 2140 arbitror.
651 2074 783 2164 Nempe
813 2096 925 2141 nonne
954 2074 1081 2139 idcirco
1103 2100 1119 2133 ι(
1140 2069 1291 2161 peruium

173 2201 250 2245 aras
271 2202 409 2248 causum
429 2180 599 2248 Ιαονίφηῑέ3
622 2209 637 2243 »
660 2205 734 2250 esse
753 2183 800 2248 ait
820 2189 933 2272 poeta,
952 2181 1045 2271 quod
1061 2208 1076 2241 α
1099 2180 1257 2266 geminae
1273 2205 1288 2239 a

174 2292 265 2369 sunt,
289 2287 505 2378 duplicisque
525 2289 653 2379 duplex
672 2291 784 2357 luctus
804 2289 1089 2356 monumentum?

220 2393 289 2473 Sed
306 2416 349 2461 ne
369 2395 434 2462 hac
461 2397 602 2485 quidem
628 2398 910 2488 interpretatione
931 2418 1017 2486 opus
1039 2399 1146 2462 estut
1170 2399 1294 2460 mater-

174 2522 237 2566 nos
267 2500 531 2569 Andromachae
561 2525 681 2570 sensus
713 2504 863 2570 fideliter
890 2526 911 2569 a
940 2503 1092 2589 Vergilio
1120 2506 1290 2582 retentoS‚

174 2613 333 2677 accurate
365 2609 555 2677 illustratos
584 2611 796 2678 confirmem.
825 2610 946 2677 Nonne
963 2643 966 2647 ·
983 2610 1074 2677 enirn
1107 2608 1193 2674 illud
1225 2631 1294 2675 me-

174 2717 279 2784 moris
307 2722 340 2782 et
364 2740 445 2784 vere
474 2723 648 2785 maternae
675 2720 826 2786 caritatis
852 2718 1085 2785 testimonium
1112 2722 1179 2799 est,
1202 2714 1294 2805 quod

174 2822 337 2891 videlicet
355 2825 599 2892 Andromacha
616 2828 771 2894 Aeneam
788 2825 1023 2913 interrogat‘:

330 3014 428 3078 Ecqua
442 3017 545 3067 tamen
557 3026 648 3080 puero
662 3019 709 3067 est
723 3015 852 3068 amissae
866 3026 936 3067 cura
950 3012 1101 3080 parentis?

221 3175 341 3266 Neque
360 3199 442 3245 vero
466 3178 557 3245 sicce
577 3177 816 3245 tantummodo
841 3183 890 3260 et,
912 3182 950 3244 ut
968 3178 1017 3244 ita
1035 3174 1165 3257 dicam,
1186 3176 1297 3242 incor-
1389 3208 1393 3221 ι

208 3456 231 3505 1.
251 3455 328 3506 Genie
342 3455 378 3504 du
395 3455 600 3513 Christianisme,
618 3471 642 3519 p.
659 3456 693 3517 ll,
707 3457 724 3504 l.
739 3457 769 3516 ΙΙ,
785 3456 824 3505 ch.
841 3472 874 3506 vr.

207 3527 231 3576 2.
250 3527 401 3576 Snus-nnnc
416 3525 533 3576 Grannum
548 3528 733 3590 contra(Gourr
748 3527 778 3577 de
793 3528 854 3576 litt.
866 3527 966 3590 druna.)
976 3526 1076 3591 quando
1086 3525 1117 3574 de
1125 3537 1226 3573 unorum
1235 3523 1296 3570 cari·

176 3602 225 3647 tate
244 3612 301 3661 erga
316 3599 415 3647 maritos
429 3599 538 3657 disserit,
554 3599 750 3648 Andromacham
765 3599 862 3648 omittit.
878 3626 908 3635 -
924 3599 1006 3657 Porro,
1026 3598 1101 3660 Trap.
1117 3608 1204 3661 precs,
1221 3597 1238 3642 t.
1255 3592 1296 3654 ΙΙΙ,

177 3669 233 3731 292,
249 3670 327 3718 eidem
343 3670 450 3732 opinioni
465 3684 538 3733 quarn
553 3684 606 3732 ego,
622 3671 796 3733 patrocinatur.
1003 3675 1004 3678 ’

208 3740 231 3790 3.
252 3741 336 3789 llnunr
351 3742 524 3803 interpretatur
539 3741 688 3801 (Aeaciden,
706 3742 734 3800 ΙΙ,
751 3757 775 3804 p.
792 3741 846 3803 409)
864 3756 869 3790 :
886 3761 898 3786 o
916 3741 1030 3790 Causam
1046 3739 1188 3802 lacrymis:
1203 3751 1298 3801 prouo-

176 3813 261 3862 cative
283 3816 309 3861 to
331 3816 417 3867 tcurs‚·
437 3815 462 3860 to
483 3812 566 3861 which
591 3812 638 3861 abe
657 3827 717 3876 may
736 3814 848 3861 cometa
866 3812 944 3861 order
960 3812 1079 3876 tocujoy
1095 3811 1138 3859 the
1154 3810 1253 3873 luxury
1269 3810 1301 3873 os

168 3878 264 3940 ”tenum
276 3905 287 3928 a
302 3883 383 3941 nimis,
399 3883 484 3945 credo,
498 3883 610 3933 subtilem
625 3885 858 3946 interpretationem.
871 3884 946 3932 -De
961 3884 1060 3932 diversa
1074 3883 1146 3945 hujus
1158 3882 1205 3930 loci
1221 3882 1298 3928 inter-

177 3956 325 4020 pretatione,
341 3955 397 4003 vide
413 3955 556 4003 Pernrrrnr
575 3960 599 4003 et
620 3955 749 4005 Foaarorra.
766 3983 797 3991 -
819 3956 869 4018 Ego
891 3960 971 4004 antem
994 3968 1092 4003 sensum
1117 3953 1184 4002 illurn
1208 3966 1297 4016 sequor

177 4041 248 4091 quem
260 4027 365 4089 priorem
381 4026 490 4087 Scauros,
508 4027 605 4075 unicum
622 4028 710 4086 Harae,
728 4027 849 4086 Waorna,
864 4031 1052 4090 proposuerunt.

208 4099 231 4147 l.
251 4099 361 4147 Attamen
381 4113 420 4147 vv.
441 4097 544 4147 339-343
567 4099 709 4148 Possumne
732 4100 829 4161 spurios
844 4102 935 4157 censet,
955 4118 966 4143 «
991 4098 1039 4147 hac
1060 4112 1133 4147 causa
1154 4098 1214 4146 satis
1238 4096 1295 4154 levi,

177 4172 257 4234 inquit
279 4171 414 4218 rectissime
438 4170 564 4231 Fonrrmn,
588 4173 704 4234 adjecta:
725 4192 737 4215 «
755 4173 808 4220 Non
833 4170 936 4218 decebat
960 4170 1155 4218 Andromacham
1179 4181 1296 4231 quaerere

176 4243 319 4292 virerentne
334 4243 454 4290 Ascanius
467 4246 490 4290 et
505 4241 605 4302 Creusa,
617 4257 647 4290 ne
663 4244 683 4290 si
700 4243 785 4291 mortui
797 4245 889 4301 essent,
897 4241 1007 4291 dolorem
1021 4243 1118 4290 Aeneae
1134 4241 1295 4290 suscitaret.»

180 4340 208 4352 -
223 4313 299 4364 Multo
312 4313 397 4363 melius
412 4313 493 4361 Herae
509 4328 515 4361 :
532 4333 544 4358 ιι
560 4314 625 4362 llaec
642 4315 744 4363 aflectus
764 4313 891 4361 muliebris
905 4314 977 4376 plena
994 4318 1017 4362 et
1031 4312 1214 4361 Andromaches
1229 4312 1296 4374 inge-

178 4386 220 4433 nio
230 4389 402 4434 consentanea.
416 4403 428 4429 >r
439 4413 468 4420 -
479 4385 568 4444 Haurr,
580 4384 697 4444 Gossanu,
709 4385 829 4435 Gurruruo
845 4385 914 4434 uncis
929 4385 1058 4434 includunt
1071 4383 1135 4432 hunc
1149 4382 1238 4444 locum,
1255 4397 1295 4431 ex-

179 4456 257 4519 ceptis
272 4456 343 4504 modo
358 4457 444 4519 primis
459 4471 481 4504 r.
498 4455 545 4505 339
561 4457 660 4505 verbis:
676 4456 745 4518 Quid
756 4471 826 4520 puer
840 4456 987 4506 Asconius?
1002 4455 1074 4504 modo
1089 4459 1139 4504 toto
1155 4469 1228 4504 versu
1239 4452 1295 4503 339.
