2940 5076
604 383 701 431 οιτον
725 383 857 432 rsruuu.
881 454 883 461 y
1230 361 1292 427 107

174 553 279 638 tores,
301 554 519 644 mythologos
540 559 574 621 et
591 555 785 641 historicos,
809 557 890 624 satis
904 556 966 622 illa
979 557 1140 645 antiquae
1160 555 1295 644 mytho·

173 660 287 752 legiae
308 662 417 753 copia,
444 661 535 728 unde
555 669 760 750 argumenta
778 687 852 747 sua,
874 662 969 731 velut
987 685 1005 729 e
1025 662 1167 752 perenni
1186 661 1299 746 fontes

175 791 294 837 omnes
314 775 436 860 poetae
455 769 645 853 hauserint,
667 771 766 838 nohis
785 777 867 838 nota
886 775 949 853 est,
971 774 1010 836 ut
1027 769 1159 836 nullam
1182 769 1237 835 vel
1260 770 1296 835 in

176 899 335 944 scaenam
354 876 409 945 vel
431 877 466 943 in
486 900 570 968 epos
588 876 763 945 inductam
783 878 888 945 luisse
907 899 1092 969 personam
1113 877 1192 964 jure
1213 898 1295 942 con·

172 982 346 1071 jiciamus‚
367 983 466 1072 cujus
486 984 642 1052 condicio
666 991 727 1053 aut
749 985 882 1052 indoles
911 1006 990 1053 cum
1014 986 1158 1052 Amatae
1180 989 1214 1050 et
1232 982 1296 1051 La-

175 1091 287 1159 viniae
306 1091 410 1160 rebus
429 1096 489 1160 aut
507 1093 663 1161 moribus
683 1094 909 1161 conferretur.

221 1305 384 1374 Camillae
406 1306 555 1395 denique
574 1305 728 1374 indolem
746 1311 785 1374 ut
811 1307 1004 1395 effingeret,
1026 1326 1139 1395 neque
1163 1304 1296 1371 Arctini

174 1412 395 1480 Penthesilea
414 1411 581 1501 Vergilia
602 1435 716 1504 neque
736 1414 883 1481 aliorum
901 1419 1083 1505 poetarum
1103 1411 1295 1478 Amazones

175 1520 313 1588 nonnisi
332 1519 466 1588 modice
486 1521 652 1611 prodesse
690 1525 886 1611 potuerunt.

219 1627 307 1694 Nam
325 1629 478 1718 primum
502 1627 596 1718 quod
615 1628 763 1719 pertinet
783 1627 827 1695 ad
846 1629 976 1718 primos
1003 1627 1141 1694 infantis
1168 1627 1296 1695 Camil·

174 1735 228 1802 lae
248 1757 356 1804 annos
375 1736 579 1825 virilemque
599 1734 812 1802 educationis
831 1736 1012 1818 rationem,
1035 1757 1102 1802 non
1122 1735 1297 1823 incognita

175 1842 274 1908 nobis
299 1839 527 1932 exemplaria¹
548 1846 702 1910 secutum
722 1841 821 1907 illum
839 1842 944 1908 fuisse
968 1846 1113 1915 constat.
1136 1849 1170 1908 et
1193 1841 1295 1932 plane

174 1954 269 2038 patet
294 1950 393 2036 cujus
413 1949 504 2016 inter
522 1948 670 2017 Graecos
694 1951 817 2038 poetae
841 1949 1037 2015 -scilicet
1059 1946 1200 2014 Pindari
1230 1947 1295 2036 Cy-

174 2078 285 2138 renes,
309 2062 461 2150 ἀγροτέρας
482 2063 660 2149 captiosae
679 2061 778 2144 patre
794 2055 934 2146 Hypseo
956 2056 1100 2122 viriliter
1115 2055 1293 2128 educatae.

173 2163 351 2249 ingenium
371 2168 405 2230 et
424 2184 536 2230 mores
556 2161 884 2229 describentis—in
904 2162 970 2228 hoe
989 2162 1065 2227 loco
1081 2161 1295 2227 meminerit²

175 2269 328 2360 (eatenus
348 2276 465 2336 tamen
479 2270 631 2336 imitatus
651 2273 689 2335 ut
705 2268 844 2336 Pindari
864 2268 1133 2358 descriptionem
1153 2291 1193 2334 ex
1217 2290 1295 2334 sen-

77 2398 81 2404 ·
175 2377 283 2443 tentia
302 2399 364 2443 sua
383 2377 637 2467 commutaret).

218 2483 306 2550 Tum
332 2505 416 2551 vero
447 2483 491 2551 de
526 2484 687 2551 muliebri
715 2485 859 2571 virginis
891 2485 940 2552 sic
968 2484 1144 2550 institutae
1162 2481 1291 2566 indole,

173 2591 340 2658 nonnulla
360 2595 450 2675 sunt,
474 2595 508 2658 et
533 2591 595 2658 illa
618 2592 789 2680 graviora,
817 2591 942 2681 quihus
972 2591 1187 2658 Penthesilea
1208 2595 1295 2656 cete-

173 2720 301 2789 raeque
327 2698 372 2765 ah
395 2699 522 2785 ignotis
546 2700 657 2789 poetis
681 2698 875 2790 descriptae
897 2699 1088 2765 Amazones
1108 2720 1129 2764 a
1152 2696 1294 2765 Camilla

150 2898 153 2904 ἢ
172 2806 273 2874 valde
292 2805 549 2874 discriminatae
568 2806 674 2873 luisse
687 2810 875 2896 apparent.

205 3020 227 3070 1.
244 3021 355 3070 Celerum
374 3034 387 3070 e
409 3021 572 3070 Pmnosrmro
592 3021 741 3086 (Ἧρωαιός,
760 3035 802 3081 xx,
824 3020 864 3084 43)
884 3020 1057 3084 comperimus,
1081 3035 1131 3070 non
1150 3019 1294 3070 dissimilem

174 3092 250 3142 luisse
268 3092 433 3159 educationem
447 3094 594 3142 Amazonum
608 3093 714 3156 (qualem
733 3093 757 3141 in
780 3093 904 3142 veteribus
919 3092 1020 3152 fabulis,
1035 3119 1065 3130 -
1081 3101 1194 3154 ποιηταῖς
1209 3110 1236 3144 τε
1250 3093 1294 3144 καὶ

173 3167 318 3228 μυθολόγοις
338 3159 514 3227 εἰρημένα,-
535 3163 683 3227 descriptam
703 3163 867 3213 Philostratus
893 3163 1039 3227 reperiebat)
1064 3179 1078 3212 u
1099 3164 1169 3212 solita
1191 3163 1294 3212 tiliarum

172 3236 238 3297 apud
247 3240 342 3284 ceteros
351 3235 461 3284 hommes
476 3234 668 3284 educationem
684 3235 773 3286 “Art
787 3230 1045 3298 droctaaortullaw
1050 3237 1202 3300 ...λέγονται
1206 3238 1295 3298 ,θερα-

171 3302 283 3359 πτύειν..
277 3301 400 3381 ᾗρύσις
416 3307 538 3371 μητέρων,
553 3306 616 3369 πλὴν
632 3315 675 3358 τοῦ
696 3301 807 3374 ἐπισχεῖν
822 3307 927 3374 γάλα.»
915 3307 1012 3356 »hlud
1028 3307 1193 3357 tantummodo
1209 3306 1294 3370 Vergi-

169 3379 218 3428 lius
232 3382 326 3442 accepit
343 3392 373 3426 ex
388 3379 530 3428 Amazoneis
547 3378 659 3428 sabulis:

464 3493 601 3536 armentalis
613 3506 683 3549 equae
697 3494 800 3538 mammis
813 3499 835 3538 οι
845 3494 901 3538 lacte
914 3494 986 3537 lerino

466 3556 567 3600 nutribat

169 3663 236 3728 quod
251 3668 275 3712 el
289 3664 341 3726 ipse
355 3663 429 3712 tradit
445 3663 617 3722 Philostratus,
634 3663 727 3712 addens
748 3668 826 3713 tamen
844 3664 932 3713 nutriri
952 3664 1055 3726 insuper
1068 3663 1214 3710 Amazonum
1230 3660 1292 3711 illias

170 3738 289 3799 «δρόσον
303 3733 425 3799 supinari}
442 3735 536 3794 μέλιτος
552 3733 622 3798 δίκην
638 3737 679 3787 ἐπὶ
694 3730 751 3794 τοὺς
767 3739 875 3793 δόνακας
890 3745 938 3786 τῶν
955 3743 1074 3798 ποταμῶν
1087 3733 1172 3794 ἱζάνει·
1193 3753 1205 3777 ν

202 3807 226 3858 2.
242 3805 333 3870 Pyra„
350 3805 392 3867 lll,
409 3804 461 3855 32:

490 3877 563 3929 ..dh
564 3873 806 3942 <1ψεν>ιαν
819 3879 970 3929 tranmissus

231 3950 336 4014 θρέψατο
353 3953 429 4001 παῖδα
444 3914 571 4012 Κυράναν·
585 3950 601 4000 ἁ
624 3949 666 4012 μέν
684 3949 740 4000 otc’
753 3950 830 4001 ἱστῶν
843 3931 1016 4014 παλιμΰάμους
1032 3943 1236 4014 ἐφέληοενόδοὺς,

357 4020 512 4072 ου’τῑῦεένων
529 4021 640 4105 τέρψιας,
655 4020 711 4071 odt’
721 4017 847 4086 ἕταρᾶν’
825 4021 963 4085 οιαουρέαν,

481 4086 536 4142 ἀλλ’
552 4087 699 4143 ἀκόντεσσίν
714 4110 740 4143 τε
754 4092 871 4158 χαλκέοις

356 4163 477 4231 φασγάνῳ
492 4182 517 4213 ιε
532 4163 678 4227 μαρνάμινα
691 4159 829 4227 ατράιῖεν’
818 4162 920 4230 αγρίονς

479 4230 595 4297 θῆραι,
581 4256 597 4310 η
612 4234 707 4286 πολλάν
722 4253 748 4285 τε
762 4253 811 4286 ιια
796 4230 929 4300 έάαάχιον
990 4241 993 4247 ’

233 4301 353 4371 βονοὶν’
333 4304 433 4371 τιράναν
448 4292 591 4372 παρέχοισα
605 4305 741 4371 πατρῴαις,
756 4325 798 4357 τον
810 4303 878 4357 δὲ’
849 4324 981 4371 σννκοιτον
994 4305 1084 4371 γλυκύν

478 4379 556 4428 ὕπνον
571 4373 611 4427 ἐπὶ
626 4376 756 4442 γλεφάροις

355 4449 437 4515 παῦρ’
451 4443 616 4502 άναλέοαοιοα
633 4443 739 4516 ῥέποντα
755 4467 815 4516 προς
830 4443 880 4506 eid«

941 4597 955 4629 ἱ
