2940 5076
68 342 71 429 s
169 369 174 383 '
243 344 287 418 68
505 366 508 375 '
697 372 774 419 rans
799 373 902 420 Palea.

242 549 290 615 ita
320 552 357 614 ut
385 547 565 614 etiamtum
596 547 743 633 legitimi
771 547 865 637 apud
899 548 1072 616 Romanos
1109 546 1247 615 conubii
1280 568 1362 614 con-

242 661 359 723 suetae
378 654 605 722 caerimoniae
626 654 883 744 quodammodo
897 655 1132 745 perficiantur,
1150 654 1251 722 sicuti
1269 661 1362 722 recte

243 762 485 836 animadvertit
515 760 697 828 Lerschius
711 763 736 844 ¹3
777 762 868 829 unde
902 763 941 828 fit
973 767 1011 828 ut
1036 761 1192 828 confiteri
1220 768 1364 850 cogatur

241 863 472 957 rigidissimus
501 869 647 958 quisque
671 891 793 936 censor
820 893 889 937 non
917 870 1004 936 adeo
1035 869 1101 936 sibi
1129 869 1196 960 ipsi
1225 872 1363 938 mentiri

240 978 423 1060 Didonem,
450 976 588 1067 quando
607 976 693 1043 illud
714 977 852 1066 culpam
872 978 1050 1044 nominare
1070 1000 1140 1044 non
1155 979 1230 1045 vult
1247 979 1364 1068 couju-

240 1084 403 1175 giumque
429 1088 538 1164 vocat,
567 1082 629 1150 sed
649 1084 763 1174 specie
793 1084 944 1174 quadam
972 1085 1045 1151 veri
1069 1084 1214 1175 decipi².
1249 1113 1264 1147 α
1287 1080 1366 1152 θυΙέ

242 1215 306 1282 pae
328 1219 344 1254 »
367 1191 471 1276 enim,
488 1193 516 1257 si
536 1196 687 1281 quaest,
706 1192 860 1258 conscios
880 1196 914 1259 et
932 1191 1125 1261 hortatores
1146 1198 1179 1259 et
1197 1197 1362 1282 patronos

241 1299 362 1383 videri,
389 1301 419 1365 si
441 1322 509 1366 non
529 1321 618 1383 esse,
639 1298 729 1368 Deos
748 1299 921 1387 Vergilius
940 1298 1060 1380 voluit,
1073 1305 1120 1366 ‘ut
1138 1305 1233 1367 tanto
1254 1303 1363 1388 magis

244 1406 436 1473 «infelix»
461 1407 590 1473 femina
609 1398 841 1475 excusaretur.
870 1408 945 1489 Quo
971 1411 1086 1474 autem
1116 1430 1156 1473 ex
1180 1407 1273 1490 loco,
1301 1408 1364 1474 ubi

241 1512 391 1580 Deorum
412 1535 538 1580 numen
558 1513 732 1604 interponi
751 1514 837 1580 nihil
857 1513 1012 1603 prodest,
1032 1514 1098 1579 nisi
1118 1513 1162 1579 ad
1181 1514 1363 1581 absolven-

240 1619 322 1687 dam
342 1620 598 1710 quodammodo
617 1602 799 1704 Didonem,
823 1620 967 1707 Vergilii
988 1642 1071 1707 erga
1085 1620 1180 1689 illam
1195 1627 1361 1712 pater-nus

241 1728 340 1818 quasi
359 1750 456 1795 amor
473 1728 647 1817 tacitaque
666 1727 919 1810 misericordia,
941 1729 975 1794 ni
994 1728 1107 1812 fallor,
1129 1729 1255 1796 iterum
1276 1730 1362 1797 emi-

239 1836 328 1902 uet⁸.

776 2030 826 2100 IX

240 2232 288 2287 DE
303 2229 419 2287 AENEA
432 2242 499 2288 NON
513 2245 581 2288 TAM
602 2227 755 2286 INmeM
773 2240 929 2286 LEGDN'I'IS
944 2242 1006 2286 PER
1028 2241 1066 2285 SE
1090 2241 1189 2285 IPSUM
1205 2243 1360 2286 Meuanas

275 2335 367 2390 QUAM
380 2334 506 2378 Murum
517 2333 613 2378 SAEPE
624 2333 738 2377 DICTUS
748 2330 813 2376 EST.
826 2318 893 2375 CUR
903 2332 1011 2376 TAMEN
1021 2330 1107 2375 ADEO
1123 2331 1322 2375 DISPLICEAT.

283 2551 357 2634 Quo
376 2575 458 2620 vero
478 2552 630 2619 feliciore
657 2573 736 2618 cum
764 2543 943 2637 diligentia
967 2572 988 2615 a
1012 2548 1168 2637 Vergilio
1198 2545 1359 2618 demons-

235 2664 346 2727 tratur
373 2661 407 2726 in
427 2660 681 2749 penitissimum
709 2657 852 2739 Didonis
879 2659 1031 2723 animum
1055 2656 1238 2725 defluxisse
1258 2680 1357 2726 amo-

233 2788 306 2833 rem
344 2767 493 2856 imisque
529 2768 565 2833 in
605 2765 817 2856 praecordiis
853 2763 1003 2830 defixum
1041 2763 1229 2846 insedisse,
1260 2769 1357 2833 tanto

232 2874 343 2959 magis
362 2873 570 2962 injucundus
590 2879 642 2940 est
653 2875 815 2940 immotus
834 2871 893 2938 ille
912 2894 952 2939 ac
970 2872 1101 2958 frigens
1119 2871 1257 2939 Aeneae
1278 2895 1357 2941 eam

231 2979 503 3072 derelinquentis
522 2982 628 3068 rigor.

275 3086 351 3154 Non
378 3087 473 3178 quod
499 3087 654 3178 profecto
683 3086 933 3179 vituperandus
954 3087 1016 3170 sit,
1049 3087 1137 3156 sicut
1163 3086 1353 3176 aliquando

225 3324 227 3328 ·
261 3300 282 3349 1.
308 3300 490 3364 Antiquitotes
513 3313 652 3358 romanae,
673 3314 697 3362 p.
720 3299 827 3350 ter-238
849 3315 856 3349 :
879 3319 891 3345 α
915 3298 990 3363 Virgo
1016 3314 1068 3349 cum
1090 3299 1266 3358 deduceretur,
1289 3304 1354 3350 teste

232 3372 317 3424 Paullo
332 3387 364 3420 ex
377 3372 448 3420 Festo
465 3386 471 3419 :
486 3372 573 3435 facem
589 3372 720 3435 innuptiis
737 3373 762 3420 in
777 3373 893 3422 bonorem
909 3371 1005 3421 Cereris
1019 3371 1220 3434 praeferebant...
1236 3371 1274 3419 Ad
1290 3385 1353 3438 quos

229 3444 294 3494 ritus
309 3444 361 3493 sine
377 3443 453 3493 dubio
468 3447 562 3506 spectat
576 3448 648 3507 poeta
663 3442 713 3506 (IV,
730 3443 844 3507 lar-468)
861 3459 866 3492 :

598 3571 609 3602 r
626 3559 719 3603 Fulsare
730 3560 793 3616 ignes
802 3566 825 3604 et
834 3561 936 3615 conscius
949 3559 1026 3602 aether

456 3622 597 3667 conubiis...
612 3635 743 3682 summoque
754 3625 870 3668 ulularunt
884 3623 967 3666 vertice
982 3622 1126 3678 Nymphae.»

259 3752 271 3777 α
288 3731 441 3782 Gerebantur
455 3732 527 3780 etiam
541 3733 649 3782 carmina
664 3733 805 3783 fescennina
817 3737 872 3783 ante
888 3735 961 3796 fores,
973 3748 1036 3797 quae
1046 3738 1145 3797 tangere
1155 3734 1253 3782 videtur
1268 3739 1349 3796 poeta,

226 3803 267 3863 lV,
283 3802 337 3855 468.
356 3823 367 3847 o
383 3803 503 3866 Nequibat
517 3805 635 3866 profecto,
652 3808 678 3853 ut
695 3805 765 3853 docte
778 3805 920 3869 pronuntiat
934 3805 1089 3866 Perennem,
1103 3825 1114 3850 a
1131 3805 1262 3854 conubium
1276 3805 1350 3867 plane

226 3875 390 3939 legitimum...
407 3875 432 3923 in
447 3875 564 3937 spelunea
578 3875 688 3926 contrabi
706 3889 732 3936 »;
751 3875 872 3939 Vergilius
887 3880 967 3924 tamen
982 3890 1027 3925 nos
1043 3877 1138 3926 inducit
1152 3877 1183 3926 ad
1198 3875 1349 3925 credendum

225 3959 255 3995 eu
268 3949 326 3994 tunc
347 3947 417 4009 sigua
438 3946 560 4007 adfuisse,
582 3962 644 4012 quae
667 3947 861 4010 superstitiosam
884 3953 987 3997 mentem
1006 3949 1032 3996 in
1053 3962 1162 3998 errorem
1183 3948 1348 4010 gratissimum

226 4015 343 4081 pellicere
358 4023 467 4081 possent,
484 4018 555 4068 fidem
572 4019 686 4069 facientia
699 4019 761 4067 illud
778 4032 827 4067 uon
841 4019 894 4067 sine
909 4020 1006 4068 numine
1021 4021 1126 4069 Deorum
1144 4023 1168 4068 et
1186 4020 1348 4069 consensione

225 4089 288 4139 fleri.

256 4161 280 4210 2.
300 4160 343 4210 Cui
358 4161 455 4225 quidem
469 4162 541 4212 liceat
555 4163 648 4212 dixisse
662 4163 728 4228 quod
742 4163 809 4226 apud
824 4161 926 4212 Ovmruu
940 4164 1066 4228 (Heroid,
1083 4179 1117 4223 vr,
1133 4163 1172 4226 43)
1192 4178 1197 4212 :

465 4279 514 4385 {pp
523 4289 564 4351 ego
574 4292 625 4322 sum
635 4277 711 4325 furtim
723 4280 762 4323 tibi
776 4281 875 4336 cognite5
889 4281 988 4336 pronuba
1001 4281 1058 4324 tuno

512 4348 552 4387 uit.

252 4449 277 4500 3.
295 4449 331 4500 Cf.
344 4454 443 4514 argutas
456 4451 487 4500 de
503 4451 549 4501 hoc
564 4452 750 4502 observationes
764 4452 835 4516 apud
846 4452 940 4514 Haanr,
955 4452 1095 4511 Aeacides,
1112 4452 1141 4510 ll,
1158 4466 1182 4513 p.
1199 4449 1254 4501 590.
