2940 5076
234 336 296 401 142
648 358 723 404 raus
748 358 929 404 rosruiuoa.

230 532 408 620 promissis
435 556 503 599 uno
523 539 656 599 lantum
676 533 781 599 verbo
806 532 952 613 invidet,
977 553 1123 619 quarum
1144 536 1349 598 tamennon

229 640 403 729 particeps
427 640 542 707 futura
575 646 637 709 est.
668 639 776 706 lmmo
801 642 877 730 ipsa
904 639 1059 719 Aeneae,
1091 661 1160 704 non
1176 640 1250 725 jam
1272 661 1347 718 suo,

230 746 402 835 quomodo
421 747 482 813 illa
499 749 533 814 in
558 752 735 836 posterum
760 748 875 813 futura
902 749 969 812 siut
1000 745 1135 836 placide
1169 746 1351 813 denuntiat

230 853 443 943 alteramque
460 856 490 921 ei
507 876 647 920 uxorem
662 854 827 923 destinari
839 863 861 920 ¹.
878 853 992 921 Unum
1012 853 1251 921 tantummodo
1271 875 1351 946 pos·

229 959 315 1026 tulat
336 982 344 1028 ε
366 966 404 1027 ut
443 966 447 975 ‘

477 1059 542 1111 nati
560 1063 729 1121 <servet>
742 1058 909 1111 communis
924 1071 1067 1123 amorem;

228 1231 312 1311 nati,
333 1252 401 1297 non
422 1232 547 1298 uxoris.
566 1230 640 1299 Sibi
654 1230 741 1299 nihil
760 1253 823 1296 nee
844 1235 969 1320 sperat,
992 1252 1056 1299 nee
1071 1232 1193 1321 poscit.

274 1336 394 1403 Nonne
423 1344 538 1405 autem
568 1339 603 1405 in
632 1339 705 1404 istis
732 1338 858 1421 verbis,
890 1361 978 1428 quae
1013 1340 1174 1404 maritum
1200 1339 1352 1426 jamjam

230 1443 392 1509 relictura
410 1443 537 1512 Creusa
561 1445 695 1525 ellatur,
713 1446 810 1534 qnasi
831 1445 963 1511 absolvi
984 1444 1140 1513 videmus
1160 1446 1352 1531 imaginem

231 1551 383 1619 mulieris
403 1551 489 1638 ejus,
511 1552 649 1641 qualem
669 1553 743 1642 ipse
764 1551 936 1637 Vergilius
955 1553 1069 1618 animo
1089 1553 1233 1620 intuitus
1254 1553 1355 1619 est’?

232 1655 342 1736 Quam
361 1657 524 1724 nimirum
545 1658 609 1724 sihi
630 1659 736 1741 finxit,
759 1664 796 1724 ut
816 1660 953 1747 opinor,
977 1664 1010 1725 et
1034 1659 1215 1725 ostendere
1240 1659 1352 1726 voluit

232 1785 272 1829 ea
291 1786 365 1830 esse
385 1764 584 1832 condicione
609 1788 677 1855 qua
704 1765 809 1832 fuisse
840 1765 1021 1832 traduntur
1044 1767 1080 1831 in
1109 1766 1223 1856 prisco
1248 1788 1348 1849 aevo,

232 1894 293 1942 seu
311 1871 346 1938 in
367 1871 517 1954 Oriente,
541 1872 665 1939 sivein
687 1873 841 1954 Graecia,
859 1873 930 1940 sive
949 1883 983 1938 in
1003 1879 1119 1940 vetere
1138 1872 1248 1954 Latio,
1273 1895 1352 1939 mu-

231 1979 333 2045 lieres
349 1999 356 2046 :
372 1980 501 2045 scilicet
519 2002 585 2045 non
607 1981 738 2070 accepti
758 1981 871 2045 mariti
891 1982 1011 2063 socias,
1034 1981 1096 2046 sed
1115 1983 1240 2047 accitas
1259 1981 1351 2048 lihe-

233 2108 350 2153 rorum
379 2087 672 2177 procreandorum
692 2089 899 2174 genetrices,
928 2096 1067 2181 δαμάρτας
1096 2097 1220 2166 δοθείσας
1248 2101 1350 2158 παιδο-

232 2195 359 2275 ποιούςθ,
382 2200 420 2260 ut
446 2195 629 2285 Euripides
658 2196 722 2276 ait;
756 2234 800 2243 -
827 2218 939 2285 neque
965 2217 1043 2261 curn
1067 2195 1206 2262 domino
1226 2218 1290 2263 suo
1310 2219 1351 2263 ex

232 2452 318 2501 rindae
331 2456 449 2512 mortuae,
473 2453 633 2517 Paradisique
648 2455 763 2505 ielicitate
781 2456 832 2517 jam
850 2455 967 2515 fruentis,
986 2455 1016 2503 ad
1031 2455 1192 2504 Tanaredum.
1214 2454 1265 2503 lilia
1289 2468 1350 2505 vero

232 2538 263 2572 ne
283 2525 398 2573 miremur
422 2524 551 2574 Clariudae
574 2526 772 2588 tranquillitatem
792 2528 907 2588 religiosa
929 2527 1006 2589 pietas
1031 2527 1160 2590 prohibet;
1184 2527 1274 2575 desunt
1294 2541 1353 2575 vero

234 2595 338 2645 Creusae
353 2597 471 2659 ejusmodi
486 2597 607 2657 adlectus,
620 2611 682 2660 quae
697 2599 795 2660 quidem
809 2599 870 2647 illud
886 2603 979 2648 lantum
995 2599 1054 2647 dicit
1071 2613 1077 2648 :

515 2751 548 2769 ...
562 2722 631 2764 Dirae
639 2722 734 2766 Veneris
748 2735 853 2766 nurus...

513 2787 638 2841 iramagna
649 2787 717 2830 Deum
732 2786 834 2842 genetrix
846 2785 881 2829 his
896 2786 979 2830 detinet
989 2787 1045 2830 oris.

265 2901 288 2950 1.
306 2901 368 2951 Aen.
385 2902 414 2961 ΙΙ,
430 2901 555 2951 raalai:

526 3026 575 3069 lilio
586 3039 622 3069 res
633 3028 717 3077 laetae,
728 3039 865 3083 regnumque
877 3033 898 3069 et
909 3027 969 3082 regia
982 3028 1078 3082 conjunx

528 3090 595 3132 Parta
607 3090 660 3143 ribi;
678 3089 780 3133 lacrimas
791 3090 883 3132 dilectae
896 3090 952 3145 pelle
965 3091 1070 3133 Creusae.

265 3204 300 3253 De
323 3206 413 3268 quibus
438 3204 530 3253 ultimis
551 3207 648 3264 verbis,
672 3207 774 3256 Servius
799 3221 805 3255 ε
830 3226 841 3250 a
867 3207 955 3255 Melius
970 3207 999 3254 ad
1016 3207 1152 3269 posteriora
1171 3208 1310 3266 referimus,
1328 3213 1354 3256 ut

236 3277 303 3326 dicat
318 3293 324 3325 ι
339 3277 386 3323 noli
403 3277 468 3335 llere,
485 3291 530 3326 nec
542 3277 606 3325 enim
621 3280 717 3338 captiua
732 3293 793 3328 sum.
810 3279 872 3327 Male
885 3279 948 3326 enirn
964 3279 1073 3340 plerique
1087 3279 1173 3326 dicunt
1188 3293 1194 3326 ε
1210 3279 1267 3341 quia
1278 3279 1355 3328 babes

238 3361 337 3395 uxorem
354 3351 470 3410 paratam.
486 3367 497 3391 a
506 3348 588 3410 Neque
603 3364 630 3396 ex
647 3349 692 3397 boa
708 3351 760 3398 solo
779 3349 951 3398 commentario
964 3349 1082 3410 suspicari
1097 3364 1225 3413 possumus
1237 3350 1276 3397 vel
1290 3351 1354 3413 apud

237 3420 350 3480 antiquos
368 3419 431 3480 jocis
451 3419 516 3468 hunc
536 3420 613 3468 laeum
637 3422 760 3468 materiam
776 3422 873 3469 uberem
890 3421 1042 3483 praebuisse.
1065 3421 1125 3469 Fieri
1141 3425 1222 3469 tamen
1236 3425 1357 3483 potestat

238 3490 360 3553 Vergilius
375 3491 457 3538 verbis
478 3492 533 3539 istis
554 3507 560 3539 z
583 3511 595 3535 ι(
618 3491 693 3554 Regia
709 3494 816 3555 conjunx
836 3495 918 3555 parta
934 3492 1008 3541 tibi...
1030 3492 1142 3540 lacrimas
1156 3491 1269 3542 dilectae
1291 3493 1356 3555 pella

239 3561 354 3619 Creusae,
365 3580 414 3605 u-
428 3563 500 3610 nobis
514 3576 568 3610 eum
592 3563 675 3610 subtili
699 3564 802 3625 quadarn
824 3564 967 3626 obliquitate
986 3563 1126 3625 siguificare
1151 3565 1256 3612 voluerit
1273 3565 1356 3627 qualia

239 3633 285 3681 sibi
301 3633 355 3694 ipsa
368 3632 457 3681 solacia
473 3633 563 3682 Creusa
578 3634 706 3695 ministret,
723 3635 844 3697 siquidem
859 3634 916 3682 huie
930 3635 1073 3684 recentioris
1084 3633 1200 3698 philologi
1211 3637 1357 3684 seutentiam

239 3705 412 3766 amplectamur
428 3720 433 3752 :
448 3705 590 3764 «Dilectae,
606 3708 652 3753 nat
666 3705 762 3770 merely
773 3704 854 3764 loaed,
869 3705 915 3755 bat
930 3705 1003 3754 laced
1018 3705 1050 3769 hp
1060 3704 1146 3755 airolae
1156 3721 1185 3753 ar
1198 3709 1355 3770 preference.

239 3777 279 3824 Au
291 3778 368 3825 cnoel
382 3775 531 3840 knowledpe
545 3777 577 3840 of
589 3775 632 3825 tlte
646 3777 767 3840 meouinq
784 3778 816 3841 af
828 3776 881 3825 iltis
895 3777 967 3826 ward
984 3776 1089 3826 enables
1104 3791 1136 3826 ns
1153 3780 1178 3826 ta
1193 3777 1296 3827 abactae
1314 3777 1358 3827 tlte

239 3848 402 3896 consolation
414 3847 498 3896 wlticlt
518 3847 615 3897 Creusa
630 3849 761 3897 ministare
776 3852 801 3896 la
819 3846 920 3912 herself
930 3849 958 3897 iu
974 3846 1016 3897 tte
1037 3847 1150 3898 delicate
1170 3849 1314 3912 appositior
1330 3850 1362 3913 af

241 3918 344 3967 dilectae
360 3918 465 3968 Creusae
481 3922 506 3967 ta
523 3920 593 3982 regia
610 3920 697 3981 conjux
715 3924 793 3982 parta.
811 3940 822 3964 a
838 3920 859 3968 J.
878 3921 968 3978 lluuur,
984 3920 1112 3979 Aeneida,
1127 3924 1144 3971 t.
1162 3920 1190 3980 ll,
1207 3935 1230 3982 p.
1247 3920 1302 3969 347.

270 3991 294 4040 2,
313 3989 414 4038 Ruuorsr
431 3991 454 4037 iu
469 3991 577 4041 Aeneid.
598 3991 617 4051 l,
632 3990 676 4039 771
703 4007 709 4038 t
736 4012 747 4036 ι(
766 3992 836 4042 Cella
858 3992 1008 4055 apparition
1031 3992 1063 4040 de
1085 3991 1179 4041 Creusa
1197 3995 1213 4041 d
1235 3984 1303 4042 llnee
1319 3995 1359 4041 est

240 4063 383 4110 neeessaire
394 4076 464 4124 pour
478 4062 614 4127 expliquer
625 4062 686 4126 plus
703 4064 765 4112 tard
777 4079 823 4112 sau
838 4064 919 4112 anian
936 4078 996 4111 uvea
1011 4062 1123 4113 Lavinia.
1133 4082 1145 4107 »
1156 4063 1187 4112 at
1202 4065 1280 4126 potuit
1294 4065 1359 4112 iuiu-

241 4147 294 4181 rum
308 4133 331 4181 ei
347 4134 483 4195 conjugium
500 4134 551 4182 sive
566 4149 609 4197 per
624 4135 740 4183 lleleuum
755 4135 805 4197 (qui
821 4136 919 4198 quidem
938 4135 1007 4197 plura
1030 4149 1084 4182 eum
1107 4149 1205 4183 monere
1218 4135 1358 4198 potuisset),

242 4206 293 4252 sive
309 4219 351 4266 per
365 4205 481 4268 Sibyllam
497 4207 670 4267 praenuntiari.
683 4207 741 4254 ideo
753 4221 837 4254 rursus
850 4207 942 4254 Creusa
957 4207 1058 4269 loquens
1073 4206 1196 4254 inducitur
1205 4207 1261 4269 quia
1272 4221 1359 4268 nempe

240 4275 364 4338 Vergilius
387 4276 501 4325 deserere
522 4291 571 4324 nou
592 4277 644 4324 vult
667 4292 785 4339 personas
809 4293 879 4340 suas,
901 4279 969 4342 prius
989 4292 1060 4342 quarn
1076 4282 1123 4326 tam
1139 4278 1201 4326 baua
1215 4291 1287 4340 quam
1305 4277 1358 4327 fleri

242 4350 322 4407 potest
336 4347 464 4411 imaginem
479 4347 575 4395 illarum
590 4348 732 4400 absolverit.

272 4416 296 4471 3.
314 4418 406 4480 Eume,
422 4418 559 4480 Androm,
574 4418 596 4473 4.
