2940 5076
594 745 741 818 CAPUT
776 744 1015 816 SECUNDUM

710 969 759 1039 Da
777 970 907 1038 Aunrn.

675 1231 939 1242 —n--uu———n-—un

296 1460 384 1531 Illud
411 1460 518 1529 habet
536 1461 726 1547 vergiliana
745 1459 870 1527 Amata
898 1463 1076 1551 proprium
1106 1484 1145 1528 ac
1171 1465 1291 1528 notatu
1319 1461 1371 1528 di-

251 1569 466 1658 gnissimum,
497 1568 592 1659 qnod
622 1589 821 1658 quanquam
850 1569 885 1634 in
912 1569 1101 1636 Aeneidem
1129 1568 1190 1635 ubi
1215 1569 1370 1657 primum

250 1676 391 1742 inducta
410 1675 454 1742 ab
473 1677 638 1743 Alectone
658 1675 852 1756 invadatur,
879 1716 923 1726 -
947 1677 1034 1744 adeo
1058 1676 1219 1743 medullis
1246 1675 1373 1742 adhae-

252 1787 348 1851 rente
373 1788 412 1851 ut
430 1783 535 1850 Furia
559 1784 595 1849 in
620 1783 735 1850 locum
760 1783 835 1869 ejus
862 1805 983 1851 revera
1008 1785 1195 1851 substituta
1218 1783 1373 1873 putanda

252 1893 307 1975 sit,
323 1931 367 1941 -
383 1914 445 1957 sua
459 1895 575 1958 tamen
594 1889 706 1957 Latini
725 1890 864 1977 conjugi
884 1913 964 1958 vere
984 1893 1150 1958 naturalis
1171 1896 1205 1958 et
1223 1891 1374 1958 feminea

154 2067 155 2073 ἵ
252 2004 408 2065 servetur
425 1998 570 2065 indoles,

296 2094 448 2187 Etenim,
483 2144 527 2154 -
559 2104 659 2171 sicuti
690 2104 791 2173 nobis
825 2103 868 2171 de
894 2103 1027 2172 Didone
1060 2104 1269 2174 observandi
1299 2104 1375 2192 jam

253 2234 359 2303 supra
386 2214 485 2303 copia
508 2197 587 2293 fuit,
619 2213 732 2278 -ita
760 2213 968 2301 portentosis
996 2213 1171 2279 miraculis
1194 2212 1374 2298 Vergilius

252 2319 301 2387 uti
322 2319 425 2402 solet,
446 2323 485 2386 ut
507 2340 751 2409 personarum,
775 2340 860 2408 quas
880 2320 1206 2410 repraesentaverit,
1229 2318 1375 2385 adfecti-

251 2427 316 2493 bus
333 2426 522 2493 secundum
538 2431 718 2493 consuetas
737 2431 770 2492 et
783 2426 976 2494 ordinarias
993 2434 1137 2494 naturae
1153 2427 1249 2513 leges
1263 2426 1374 2516 expli-

251 2533 368 2600 candis
389 2534 610 2600 nihilominus
631 2533 786 2600 sedulam
814 2535 1024 2624 impenderit
1049 2556 1202 2624 operam.
1224 2534 1375 2600 Tantum

253 2642 360 2727 igitur
374 2641 474 2707 abest
493 2647 530 2706 ut
550 2648 664 2730 poeta,
686 2641 767 2730 quia
786 2642 958 2723 Amatam,
982 2641 1027 2707 ah
1045 2641 1178 2708 interna
1196 2641 1264 2706 dea
1283 2641 1377 2706 intus

252 2757 471 2839 occupatam,
499 2748 632 2814 arbitrii
660 2748 713 2813 sui
737 2770 806 2814 non
827 2747 901 2834 jam
930 2769 1004 2814 esse
1034 2753 1228 2838 compotem
1255 2747 1394 2834 fingit,

96 2885 100 2893 ·
185 2846 187 2850 ⁴
253 2855 331 2922 ideo
361 2877 656 2945 supervacaneum
687 2877 762 2921 esse
789 2861 927 2922 censeat
953 2857 1109 2922 naturale
1138 2857 1269 2921 irarum
1299 2855 1376 2940 ejus

253 2963 505 3029 incrementum
530 2960 743 3043 describere,
772 2966 952 3028 utcontra
978 2962 1155 3029 muliebris
1179 2962 1305 3028 furoris
1330 2961 1377 3027 ab

253 3070 385 3156 origine
414 3091 524 3158 usque
551 3068 596 3134 ad
622 3069 749 3135 exitum
778 3070 1051 3159 copiosissimam
1077 3070 1170 3137 velut
1194 3069 1378 3136 historiam

254 3175 453 3243 evolve1·it¹.

298 3284 386 3349 Nam
424 3282 592 3372 primum,
618 3281 773 3369 Vergilio
801 3281 907 3365 duce,
940 3283 1106 3350 adsumus
1145 3283 1188 3350 ad
1223 3311 1239 3345 «
1268 3283 1377 3349 limen

251 3391 407 3470 Amatae,
433 3415 448 3450 »
470 3388 563 3477 quod
583 3388 724 3478 quidem
746 3414 762 3452 «
783 3390 950 3457 tacitum*
974 3418 989 3452 »
1012 3391 1177 3481 appellat.
1205 3390 1270 3457 Illo
1292 3413 1377 3458 vero

286 3623 309 3672 1.
329 3622 422 3670 Recens
436 3621 535 3685 quidam
551 3620 698 3684 philologus,
714 3622 785 3684 cujus
800 3623 831 3672 de
851 3622 953 3686 Vergilii
969 3626 1020 3672 arte
1036 3622 1146 3672 imitandi
1163 3622 1304 3671 dissertatio
1319 3622 1378 3686 plu-

255 3695 341 3743 rimum
358 3693 414 3742 boni
430 3694 503 3743 habet
518 3693 617 3756 (Causa,
631 3709 671 3757 op.
688 3695 740 3753 cit,
755 3710 779 3758 p.
797 3695 850 3760 22),
866 3693 957 3744 dehoc
978 3709 1108 3757 perperam
1124 3693 1215 3743 sentire
1231 3693 1290 3742 mihi
1306 3695 1377 3743 vide·

255 3768 314 3814 tur:
332 3785 343 3811 u
362 3763 449 3828 Vergil
467 3764 505 3827 (ia
519 3764 625 3829 Amata)
646 3765 694 3815 tat
713 3766 755 3815 die
773 3766 899 3832 qepebene
918 3765 1195 3830 <psychol09ische>
1218 3765 1378 3815 Vorausset-

255 3851 323 3900 aurp
337 3836 412 3885 nicht
427 3835 549 3894 benutzt;
562 3851 592 3885 er
603 3852 660 3886 war
673 3838 750 3887 nicht
767 3838 903 3900 uafrieden
921 3837 1005 3887 durch
1027 3838 1114 3886 Worte
1131 3835 1174 3887 die
1187 3836 1378 3902 Leidenaclmst

254 3909 368 3972 ateipern
383 3922 415 3955 zu
430 3905 530 3966 lassem-
541 3909 583 3958 ein
598 3907 766 3974 leidhoftiyes
791 3908 909 3960 Wunder
927 3913 1024 3960 maeste
1046 3909 1220 3974 pesekehen...
1235 3910 1284 3958 Die
1299 3909 1377 3960 itter-

255 3978 406 4028 coturlione
419 3979 619 4044 Einwirlrunp...
636 3982 702 4031 wird
711 3982 738 4031 ia
747 3982 833 4032 dieser
843 3981 1024 4046 oerpro'berten
1033 3982 1199 4047 Auffossunp
1212 3996 1261 4030 zur
1270 3983 1378 4046 Haupt-

253 4050 341 4109 sache,
356 4050 413 4100 uad
425 4066 497 4101 zwar
510 4053 538 4101 ia
555 4052 651 4102 diesem
672 4052 746 4103 Folle
767 4069 850 4117 punse
865 4053 931 4103 ohne
951 4054 1014 4112 Not,
1033 4053 1091 4103 weil
1105 4054 1132 4103 in
1147 4053 1205 4103 dem
1229 4053 1375 4104 Seelenzu-

254 4122 350 4172 stende
364 4123 410 4171 der
424 4124 524 4173 Amata
539 4124 583 4172 ein
598 4125 736 4175 Austruch
750 4125 795 4174 des
808 4126 906 4175 Zernes
922 4125 1076 4175 verbereitet
1088 4140 1151 4177 war.
1165 4144 1176 4169 υ

284 4194 308 4242 2.
323 4193 375 4252 Vll,
390 4193 445 4244 343.
462 4214 474 4240 u
493 4196 610 4244 Tacitum
630 4198 675 4259 pr'o
692 4197 771 4246 tacite
788 4216 808 4247 ».
828 4197 940 4256 Saeuus,
956 4198 995 4246 cui
1016 4197 1152 4245 adsentitur
1165 4197 1187 4247 J.
1206 4197 1299 4249 ileum.
1322 4197 1375 4257 Quo

254 4266 330 4314 verbo
352 4267 430 4314 noetis
450 4266 572 4315 silentium
593 4269 674 4330 potius
698 4269 831 4331 signiticari
858 4273 924 4331 putat
948 4269 1093 4320 Coniuorou.
1119 4269 1169 4331 Ego
1193 4269 1227 4317 La
1250 4269 1330 4319 Canos
1352 4273 1377 4318 et

257 4336 338 4384 Herna
357 4350 454 4400 sequor,
473 4337 572 4387 Amatae
588 4337 724 4398 tristitiam,
743 4339 878 4402 domusque
897 4341 950 4401 ejus
970 4339 1104 4399 silentium,
1125 4340 1204 4389 obiter
1222 4344 1247 4390 et
1265 4355 1315 4390 una
1335 4340 1376 4389 hic

259 4407 382 4473 designari
396 4409 561 4459 censentibus.
581 4410 619 4462 Ll
635 4409 715 4460 Canon
731 4424 737 4460 :
754 4429 765 4456 α
782 4409 873 4471 Quia...
890 4410 975 4460 Amata
988 4415 1040 4461 tota
1054 4411 1127 4462 intus
1145 4411 1296 4476 coquebatur
1309 4411 1376 4462 curis
