2940 5076
534 361 632 408 cnrur
656 362 806 420 oururuu.
1169 334 1231 400 137

155 533 256 615 Quod
280 539 396 600 autem
420 535 594 625 quomodo
623 536 769 618 lactum,
799 556 883 601 num
909 532 1063 600 breviter
1086 535 1120 596 et
1139 552 1233 596 surn-

111 641 231 708 matim
255 663 425 731 exponere
451 647 632 709 contentus
655 644 745 710 fuit?
764 642 904 713 Minime
925 639 1082 731 quidem,
1105 636 1234 704 sedita

112 746 275 817 Creusam
294 754 456 836 agentem
474 750 743 840 loquentemque
762 750 859 834 fecit,
881 753 919 815 ut
937 737 1045 837 plane¹
1065 745 1165 811 nobis
1190 745 1231 811 li-

112 861 216 943 queat
235 878 322 947 quos
351 878 472 943 gerere
500 857 654 924 Aeneam
683 879 767 946 erga
795 855 962 924 Creusam
985 874 1123 936 sensus,
1146 873 1232 942 quos

112 984 196 1050 erga
214 965 368 1031 Aeneam
388 963 552 1034 Creusam
570 964 746 1053 Vergilius
767 962 972 1051 cogitatione
998 962 1064 1029 sihi
1083 960 1229 1028 finxerit.

157 1159 248 1226 Illud
275 1164 390 1227 autem
417 1160 569 1251 primum
598 1166 693 1251 patet
712 1160 857 1228 Veneris
881 1159 992 1225 filium
1010 1158 1138 1248 pietate
1158 1176 1232 1223 esse

114 1288 196 1353 erga
228 1272 362 1358 patrem
391 1268 593 1358 conspicua,
625 1290 709 1354 erga
743 1268 928 1356 conjugem
966 1265 1083 1332 dubia.
1122 1264 1234 1346 Quem

112 1374 255 1463 quidem
277 1374 387 1441 fateor
416 1376 532 1442 multis
557 1382 590 1442 et
610 1376 744 1464 magnis
765 1375 916 1467 querelis
937 1378 971 1440 et
992 1400 1008 1435 «
1029 1373 1150 1438 insano
1170 1371 1233 1437 do-

111 1481 197 1547 lori¹
219 1509 235 1543 o
258 1503 293 1548 se
314 1482 455 1565 dedere,
477 1488 660 1572 postquam
681 1482 845 1550 Creusam
865 1481 930 1549 sibi
950 1480 1122 1546 sublatam
1141 1501 1235 1545 corn·

112 1589 260 1678 peruit².
293 1589 383 1656 Num
419 1612 502 1656 vero
537 1595 652 1657 tantae
684 1589 918 1680 desperationi
946 1587 1157 1679 respondere
1194 1607 1236 1653 ea

112 1697 354 1779 observamus,
378 1720 466 1787 quae
490 1698 647 1764 illumin
672 1698 737 1765 hae
761 1698 942 1765 occasione
966 1696 1088 1762 iecisse
1108 1693 1234 1780 Vergi-

111 1803 190 1887 lius,
214 1826 273 1871 seu
294 1805 489 1888 inscienter,
513 1828 573 1874 seu
593 1806 761 1887 consulto,
785 1804 1012 1890 excogitavit?
1224 1890 1226 1895 Ι

157 1911 242 1979 Cum
262 1913 354 1979 enirn
374 1935 478 1979 senex
497 1913 677 1996 Anchises,
694 1912 961 2002 deprecantibus
978 1911 1119 1991 suisne,
1138 1908 1234 1974 abire

110 2020 248 2103 nolens,
281 2021 435 2112 seipsum
468 2021 615 2111 illosque
653 2021 757 2091 simul
781 2041 900 2086 omnes
920 2017 1059 2109 perdat,
1082 2016 1234 2107 pertina-

113 2128 197 2194 citer
216 2128 368 2215 abnegat
382 2129 406 2211 ³,

329 2296 505 2361 inceptoque
518 2300 547 2349 et
560 2296 683 2361 ,sedibus
697 2295 800 2350 haeret
814 2295 847 2349 in
861 2295 975 2359 iisdem,
1020 2310 1029 2321 ·

112 2445 184 2506 tum
202 2466 218 2500 n
240 2462 359 2511 rursus
378 2441 414 2507 in
430 2463 527 2507 arma
545 2440 654 2508 fertur
675 2469 691 2504 »
712 2441 859 2525 Aeneas

328 2613 513 2673 mortemque
527 2609 712 2663 miserrimus
727 2615 818 2675 optat.

111 2751 248 2820 Scilicet
273 2754 379 2840 igitur
405 2759 521 2822 censet
546 2754 620 2840 ille,
649 2756 812 2846 quoniam
831 2754 998 2822 Anchises
1022 2753 1154 2822 servari
1171 2751 1232 2821 ab·

108 2860 198 2941 nuit,
228 2861 314 2927 nihil
338 2862 405 2928 sibi
430 2863 578 2952 amplius
605 2863 699 2929 domi
727 2884 910 2953 superesse
930 2861 1120 2949 agendum,
1143 2862 1231 2931 suis-

110 2988 176 3055 que
195 2968 321 3034 iterum
338 2969 466 3035 relictis
480 2969 612 3059 ⁸—(de
631 2970 757 3060 quibus
779 2969 864 3059 quid
881 2970 1036 3037 futurum
1054 2969 1110 3052 sit,
1131 2967 1229 3035 flocci

140 3162 163 3213 1.
178 3163 250 3210 Aea.
265 3161 363 3221 intio.
462 3173 465 3180 “

137 3232 161 3281 2.
177 3233 242 3283 Aea.
263 3234 300 3294 lI,
315 3234 381 3283 ⁶145:
398 3233 474 3292 Quem
494 3249 542 3284 non
564 3236 674 3285 incusavi
696 3250 779 3285 amens
797 3236 971 3300 hominumque
985 3236 1157 3299 Deorumque‘l
1173 3238 1229 3287 Aut

107 3303 172 3367 quid
195 3307 222 3353 in
243 3320 332 3354 eversa
354 3306 408 3355 vidi
429 3305 563 3356 crudelius
582 3307 669 3357 urbe?
691 3335 722 3344 -
742 3308 844 3357 Saevino
863 3310 916 3372 ipse
937 3309 1047 3358 subridet
1064 3309 1111 3357 hoc
1130 3308 1184 3358 loco
1203 3313 1227 3358 et

106 3376 216 3423 nonnihil
234 3377 365 3438 jactantiae
380 3378 414 3445 ihi
427 3378 545 3426 odoratur
557 3396 562 3426 :
575 3398 586 3423 α
601 3379 666 3428 Bene
675 3394 701 3428 se
714 3379 810 3427 futurus
823 3381 976 3429 commendat
987 3382 1088 3429 maritus
1100 3399 1121 3440 a,
1133 3381 1228 3429 scilicet

105 3445 194 3494 Didoni
211 3448 329 3500 audienti.
343 3476 372 3485 -
387 3449 422 3497 Ci.
439 3448 560 3511 iao-7753
575 3449 688 3500 roo-795.
703 3477 734 3488 -
747 3449 803 3500 Vid.
818 3466 916 3514 quoque
931 3466 955 3501 v.
968 3451 1015 3501 738
1031 3466 1037 3500 :
1056 3452 1119 3499 lleul
1136 3452 1226 3500 misero

105 3519 211 3579 conjunx
235 3519 316 3568 latone
344 3525 427 3583 erepta
451 3520 552 3582 Creusa,
577 3527 644 3573 etc...
670 3522 762 3571 Misero
784 3537 838 3571 cum
860 3522 927 3572 miti
951 3522 1101 3586 (subaudito)
1123 3522 1226 3584 conjun-

105 3591 208 3651 gendum
220 3590 334 3650 arbitror,
346 3593 410 3640 sicut
424 3592 513 3651 Herna,
526 3593 700 3657 Wuunuencn,
716 3594 827 3654 Banorsr,
839 3595 961 3655 Wsouea,
978 3594 1106 3655 Formosa,
1123 3593 1226 3643 Comun-

103 3675 157 3711 rou.
172 3687 204 3696 -
220 3661 255 3710 Cl.
274 3663 387 3724 optimam
401 3663 426 3711 in
441 3663 505 3711 hune
521 3664 599 3712 locum
613 3666 721 3714 notulam
736 3665 802 3729 apud
819 3665 846 3716 E.
861 3665 973 3716 Banorsr.

133 3730 157 3780 3.
173 3732 239 3782 Aen.
255 3732 281 3792 ll,
297 3733 343 3781 650
361 3747 413 3796 sqq.
1202 3778 1205 3785 .

134 3803 157 3853 4.
174 3803 271 3852 Minime
283 3804 347 3851 enim
361 3805 490 3852 festinasse
505 3805 612 3854 Aeneam
627 3807 746 3867 videmus,
766 3807 796 3856 ad
811 3822 869 3857 snos
884 3806 1053 3856 detendendae
1066 3807 1222 3869 redeuntem

103 3887 157 3921 nam
173 3888 198 3922 v.
213 3874 269 3932 562,
284 3895 295 3919 u
312 3875 378 3923 subit
392 3867 495 3923 mentem
511 3876 616 3938 »ejus«
635 3878 686 3926 cari
702 3879 820 3941 genitoris
837 3881 947 3942 imago...
964 3879 1063 3928 deserta
1078 3878 1182 3938 Creusa,
1199 3884 1224 3928 et

103 3944 198 4007 direpta
212 3945 308 4006 domus,
324 3949 347 3993 et
365 3946 434 4008 parvi
449 3961 521 3994 casus
537 3947 598 4008 lnli;
618 3967 629 3992 »
644 3955 702 3997 tunc
715 3963 774 3999 vero
790 3950 896 4013 adspicit
911 3950 1036 4010 llelenam,
1053 3962 1125 4011 quam
1141 3950 1222 3999 inter-

103 4015 175 4063 licere
198 4018 266 4076 vult;
283 4031 327 4065 nec
343 4017 396 4065 sine
417 4031 491 4065 causa
509 4017 602 4077 Venus,
625 4034 688 4082 qnae
710 4034 763 4067 sese
786 4022 807 4068 ei
823 4021 955 4070 videndam
981 4020 1061 4080 oliert,
1089 4025 1169 4069 monet
1188 4021 1222 4084 (iu

102 4101 125 4135 v.
142 4085 188 4135 596
202 4088 250 4150 sq.)
265 4093 291 4136 ut
305 4089 335 4136 de
350 4093 428 4150 patre,
446 4102 519 4137 uxore
535 4090 625 4146 etlilio
639 4091 721 4152 potius
732 4092 829 4153 cogitet.
841 4118 872 4129 -
882 4092 909 4140 ln
919 4105 992 4141 versu
1007 4091 1061 4152 631,
1075 4111 1086 4136 «
1099 4092 1223 4142 adlimina

102 4157 169 4206 sedis
194 4177 206 4203 n
228 4160 324 4208 tandem
344 4160 466 4221 pervenit.
489 4187 520 4196 -
545 4160 580 4208 De
595 4175 643 4222 quo
661 4162 714 4209 loco
734 4162 790 4211 vide
806 4161 941 4222 Wnronen,
960 4178 984 4226 p.
1006 4163 1069 4224 4015
1086 4163 1220 4223 Senoniae,

102 4231 209 4290 Quaest.
227 4230 311 4296 Vero,
327 4245 351 4292 p.
371 4229 410 4279 22.
424 4231 518 4279 -Etsi
534 4246 593 4280 vero
609 4232 717 4280 tollenda
732 4233 764 4280 sit
779 4247 792 4281 e
808 4235 904 4284 sincero
919 4234 1021 4297 Vergilii
1032 4238 1098 4283 textu
1113 4235 1221 4282 narratio

101 4301 131 4349 de
146 4301 238 4350 Helena
252 4301 292 4364 (11,
309 4300 435 4364 aii-588),
450 4315 522 4365 quarn
536 4302 636 4365 quidem
661 4303 831 4367 interpolatam
856 4307 933 4354 luisse
957 4305 1031 4353 multa
1050 4305 1159 4354 indicant
1178 4304 1219 4366 (cl.

99 4371 253 4433 Nerrnasuu,
268 4371 335 4436 apud
349 4373 504 4436 Coumurou),
523 4377 609 4422 nostre
624 4377 705 4424 tamen
721 4381 829 4425 remanet
845 4377 875 4426 de
894 4377 991 4426 Aeneae
1005 4376 1119 4424 tarditate
1134 4376 1221 4423 obser-

100 4446 174 4492 vatio.

1086 4535 1113 4579 io
