2940 5076
240 338 303 403 116
656 357 732 405 rans
755 357 936 405 rosrrnron.

237 552 349 621 neque
377 533 509 622 inepte.
524 585 554 600 ..
590 530 675 599 Cum
696 533 787 599 enim
807 531 957 599 afflatam
982 553 1017 598 sc
1037 553 1058 598 a
1075 529 1262 598 formidato
1287 530 1363 598 Deo

237 640 433 722 mentiatur,
453 639 554 706 itaet
577 638 700 708 melius
730 639 795 706 sibi
820 640 1038 706 conciliatum
1062 639 1105 705 iri
1124 638 1283 729 plebem,
1305 638 1365 705 cui

235 745 387 813 violenta
423 746 583 836 placeant
620 747 733 833 orgia,
774 752 901 837 sperat,
943 769 1048 837 seque
1087 746 1216 836 ipsam,
1259 746 1364 835 quasi

237 874 383 937 sacram,
404 854 500 921 nullo
520 855 739 945 prohibente,
759 855 875 922 ablata
894 876 962 944 quo
982 853 1066 920 velit
1084 853 1166 937 filia,
1185 853 1364 920 abituram

237 981 312 1029 esse
332 961 484 1030 confidit.

280 1065 338 1134 Fit
352 1068 492 1136 tandem
512 1075 550 1136 ut
568 1092 690 1137 revera
714 1069 871 1160 desipere
895 1069 1037 1160 incipiat
1061 1069 1203 1150 Amata;
1226 1067 1362 1158 quippe

236 1197 325 1265 quae
350 1174 491 1243 efferata
515 1177 558 1244 sit
585 1177 774 1244 ululatibus
797 1178 985 1244 concitatae
1012 1175 1241 1243 multitudinis
1272 1175 1378 1249 suis-,

237 1305 316 1373 que,
336 1288 439 1373 atque
460 1283 566 1352 effuso
586 1285 645 1353 illo
665 1307 727 1375 per
747 1285 850 1351 silvas
870 1306 1080 1375 camposque
1097 1303 1211 1350 cursu.
1226 1282 1362 1350 Minore

236 1388 378 1479 quidem
405 1392 562 1482 impensa
585 1392 709 1458 mulier
733 1393 874 1481 quaevis
900 1396 1051 1458 mentem
1076 1390 1246 1456 amissura
1271 1393 1360 1456 erat.

235 1495 279 1563 Et
296 1496 353 1564 hic
368 1521 504 1589 quoque
525 1499 665 1566 minime
683 1498 857 1567 Alectcnis
875 1500 1070 1565 interventu
1087 1518 1173 1588 opus
1192 1496 1270 1563 fuit.

279 1603 479 1672 Istiusmodi
501 1628 586 1672 vero
605 1607 790 1697 procellae,
813 1611 941 1696 quanto
962 1605 1041 1697 plus
1070 1605 1200 1672 habent
1216 1602 1360 1688 virium,

235 1713 329 1777 tanto
344 1713 458 1778 minus
472 1714 637 1803 temporis
651 1735 658 1796 3
680 1737 744 1781 neo
764 1713 893 1781 diutius
912 1713 1012 1780 sclito
1028 1712 1204 1779 duravisse
1223 1737 1239 1772 κ
1255 1709 1363 1801 phre-

234 1818 386 1885 neticum
404 1847 420 1881 »
441 1821 609 1910 impetum
628 1819 772 1888 Amatae
793 1844 811 1887 e
831 1820 985 1908 Vergilio
1005 1821 1081 1910 ipso
1108 1818 1357 1908 comperimus.

234 1925 289 1992 Ab
308 1926 361 1992 ira
380 1927 472 1994 enirn
490 1927 527 1993 in
548 1927 708 1995 lacrimas
724 1930 829 2019 inque
848 1950 969 2019 preces
987 1926 1181 2008 conversa¹,
1199 1924 1243 1992 ad
1259 1923 1362 1991 seda·

234 2031 358 2099 tiorem
376 2032 534 2101 habitum
553 2034 734 2123 redigitur.
756 2034 808 2102 Ita
831 2040 946 2102 aut-em
969 2056 1032 2101 nos
1052 2033 1151 2124 quasi
1170 2026 1361 2122 praeparat

234 2140 554 2228 providentissimus
574 2143 678 2209 futuri
699 2146 814 2233 poeta,
836 2166 879 2210 ne
901 2165 969 2209 non
989 2146 1131 2208 naturae
1150 2139 1358 2228 veritatique

235 2242 503 2315 consentaneum
535 2248 693 2317 videatur
724 2250 868 2318 Amatae
906 2254 1068 2332 mentem,
1091 2246 1136 2314 ad
1163 2249 1358 2314 extremum
1402 2331 1407 2341 ⁹

233 2355 370 2445 penitus
389 2355 600 2447 depressam,
621 2357 725 2425 rebus
745 2357 973 2449 despondere.

278 2461 422 2530 Frustra
449 2465 554 2548 enim,
585 2464 829 2552 adjuvantibus
857 2464 987 2532 Latinis
1022 2463 1237 2544 mulieribus,
1274 2463 1356 2528 uni-

232 2591 372 2637 versum
398 2573 567 2662 populum
597 2594 660 2639 sno
686 2573 721 2639 in
751 2572 917 2660 Trojanos
947 2571 1025 2638 odio
1053 2571 1177 2638 Amata
1199 2569 1352 2653 inlecit2,

230 2698 350 2764 regem
381 2678 426 2746 ad
454 2701 550 2746 arma
580 2679 745 2746 adversus
783 2684 941 2748 externos
977 2676 1145 2769 capienda
1176 2677 1356 2745 suscitavit

228 2784 567 2877 invitum³,denique
581 2787 740 2878 publicas
761 2788 1030 2878 supplicationes
1050 2786 1183 2870 indixit,
1203 2808 1353 2876 quarum

226 2892 303 2981 ipsa
332 2894 506 2984 particeps
541 2895 739 2984 exemplum
773 2897 843 2961 suis
878 2894 973 2962 dedit
986 2895 1008 2960 ⁸.
1046 2892 1207 2984 Superati
1234 2897 1353 2961 tamen

226 3000 322 3068 luere
349 3000 473 3084 Latini,
503 3008 781 3094 provocaturque
814 3003 954 3070 tandem
983 3001 1027 3069 ab
1061 3002 1179 3069 Aenea
1213 3001 1351 3070 Turnus

227 3110 288 3199 qui
307 3131 425 3176 secum
443 3109 533 3176 ferro
554 3110 728 3179 decernat.
769 3086 779 3105 ’

270 3217 443 3284 Hactenus
465 3222 581 3284 autem
604 3218 729 3286 Amata
748 3219 956 3309 pertinacius
981 3218 1015 3284 in
1036 3240 1097 3308 spe
1117 3217 1233 3307 aliqua
1252 3239 1351 3308 pers-

225 3324 360 3406 titerat3
378 3347 468 3392 nuuc
487 3347 582 3406 vcro,
604 3348 682 3392 oum
705 3327 821 3392 omnia
839 3347 907 3392 non
924 3325 1046 3412 jamin
1065 3325 1172 3392 dubia
1191 3323 1349 3391 diuturni

225 3426 310 3499 belli
337 3433 424 3516 alea,
455 3432 517 3498 sed
546 3434 582 3498 in
611 3434 786 3524 praesenti
816 3434 918 3499 unius
949 3433 1072 3523 proelii
1102 3432 1194 3498 exitu
1226 3431 1350 3520 reponi

224 3539 331 3621 videt,
353 3544 426 3606 tum
446 3539 571 3623 subito,
593 3579 637 3590 -
661 3536 760 3631 quasi
784 3538 1008 3629 adhucusquc
1032 3540 1350 3620 somniavisset‚.-

222 3833 295 3897 paulo
308 3837 363 3896 post
376 3834 486 3883 dicturus
502 3838 540 3883 est
553 3839 585 3895 <
594 3839 666 3898 poeta
675 3839 723 3894 >:
741 3835 836 3884 Allecto
851 3835 956 3884 stimulis
970 3836 1020 3898 agit
1035 3835 1142 3898 undique
1155 3833 1255 3884 Bacchi.
1268 3851 1280 3878 u
1295 3833 1348 3883 Hoc

220 3918 350 3970 perperam
364 3904 476 3956 Srnvrns.
489 3906 576 3954 Dolum
591 3911 614 3955 et
629 3907 739 3955 fraudem
754 3908 857 3956 subesse
872 3907 994 3970 Vergilius
1008 3907 1043 3954 ibi
1058 3907 1188 3968 significat.

254 3977 277 4028 1.
296 3977 332 4026 cf.
348 3979 422 4036 Aea,
438 3976 481 4038 XI,
501 3977 547 4027 lta
566 3993 620 4042 sqq.
636 3992 643 4026 2
663 3998 674 4023 a
696 3979 797 4028 Necnon
815 3979 847 4027 ad
863 3979 1008 4041 templum...
1026 3996 1038 4022 »
1051 3992 1056 4039 ;
1070 3977 1124 4040 Xll,
1139 3977 1186 4027 30:
1203 3995 1215 4022 u
1230 3976 1349 4043 Conjugis

223 4052 247 4097 ci
261 4051 366 4097 maestae
382 4048 543 4101 lacrimis...»

253 4120 276 4169 2.
296 4120 332 4168 Cf.
348 4121 428 4182 Aea,
442 4120 494 4182 Vll,
509 4119 624 4185 asa-396,
640 4121 756 4183 loo-2103,
771 4120 890 4182 580-581;
906 4121 948 4180 XI,
964 4120 1078 4180 stt-878,
1095 4119 1209 4183 sel-895,
1227 4119 1278 4184 ubi,
1294 4120 1348 4170 ins·

222 4192 324 4255 ligante,
353 4196 379 4241 ut
401 4193 534 4241 verisimile
558 4197 604 4252 est,
628 4194 723 4258 Amata,
746 4194 846 4242 Latinae
874 4193 988 4242 mulieres
1012 4192 1042 4242 ad
1069 4193 1238 4243 defendendos
1262 4205 1348 4242 muros

224 4263 345 4314 irruentes
359 4264 431 4325 poeta
445 4264 573 4315 describit.
1170 4304 1172 4308 ,

253 4333 278 4385 3.
295 4336 364 4385 Aea.
381 4333 434 4396 ΧΗ,
450 4334 488 4385 30.
509 4336 628 4393 Victus„
645 4337 756 4404 conjugis
771 4340 796 4390 et
809 4340 916 4388 maestae
931 4335 1047 4400 lacrimis,
1063 4339 1109 4388 etc.

255 4404 280 4457 l.
297 4407 361 4466 Aea.
376 4406 420 4483 ill,
433 4405 487 4463 478.
