2940 5076
420 747 892 879 INDEX'RDRUM

472 1230 474 1239 r
524 1197 790 1266 PROOEMIUM

96 1399 287 1444 Renuntiatum
301 1398 497 1452 philolcporum
511 1397 647 1439 accuratis
664 1395 698 1438 de
712 1395 830 1438 Aeneide
846 1395 946 1437 studiis
965 1394 1080 1449 Vergilii
1097 1394 1214 1444 laudem,

136 1470 208 1523 quod
235 1470 342 1523 quidem
369 1471 470 1513 attinet
498 1468 533 1512 ad
560 1468 718 1511 inveniendi
749 1468 866 1521 copiam.
896 1468 1012 1510 multum
1041 1469 1216 1511 imminutam

136 1541 222 1586 tuisse
227 1567 1036 1582 ...........................
1089 1543 1116 1596 p·
1134 1542 1215 1583 l-vlil

513 1755 629 1823 PARS
666 1753 802 1821 PRIOR

96 1954 137 1996 De
150 1953 322 1996 muliebrium
335 1953 463 1995 Aeneidis
475 1960 660 2005 personarum,
676 1954 705 1995 in
719 1952 817 2004 quibus
835 1951 1000 2005 eiilnpendie
1021 1954 1136 1996 multum
1156 1954 1217 1997 sine

139 2025 221 2068 dubio
235 2027 346 2078 adjutus
358 2025 411 2066 iuit
424 2025 566 2078 Vergilius,
581 2025 679 2067 indole.
695 2025 764 2069 auid
782 2026 810 2067 et
823 2028 958 2077 quantum
979 2026 1088 2068 aliunde
1109 2025 1218 2069 traditis

138 2098 173 2141 de
186 2106 235 2139 suo
249 2097 390 2140 addiderit.

98 2257 199 2308 Ciror
215 2265 342 2306 artuum.
361 2252 443 2315 Quid
458 2252 494 2304 de
504 2253 710 2304 Andromacha
720 2258 750 2305 ct
764 2254 877 2306 Didone
887 2255 988 2307 omnia
998 2269 1092 2308 exem-

131 2333 224 2398 plaria
238 2334 285 2385 vel
302 2334 414 2398 poetica
428 2333 474 2384 vel
487 2332 627 2384 historica
642 2334 728 2384 nobis
743 2339 860 2398 praesto
882 2336 956 2396 sint,
971 2336 1093 2401 quibus-

130 2426 256 2477 cumque
274 2426 360 2464 usum
375 2425 440 2465 esse
455 2412 617 2478 Vergilium
633 2412 793 2466 verisimile
807 2414 846 2465 sit
852 2454 1075 2467 ........
1128 2429 1155 2481 p.
1203 2419 1215 2469 1

225 2531 246 2581 i.
264 2532 304 2581 De
320 2529 520 2582 Andromacha
541 2568 1075 2584 ..................
1127 2545 1154 2598 p.
1204 2533 1217 2583 1

213 2612 247 2662 ll.
265 2612 306 2663 Dc
323 2610 437 2662 Didone
448 2649 1075 2663 .....................
1128 2627 1157 2679 p.
1205 2616 1221 2666 ti

198 2694 244 2743 lli.
263 2693 305 2743 De
320 2690 481 2755 deperditis
495 2691 603 2744 Medeis
626 2730 1073 2744 ...............
1128 2707 1156 2759 p.
1190 2696 1218 2746 11

198 2773 247 2824 IV.
265 2774 305 2824 Dc
320 2771 481 2836 deperditis
496 2771 633 2823 Ariadnis
661 2813 1075 2825 ..............
1128 2788 1155 2841 p.
1189 2778 1220 2829 16

102 2921 201 2971 creor
217 2927 391 2970 saturnum.
410 2918 452 2969 De
466 2916 678 2968 Andromache.

216 3037 738 3179 1.111111111111111.·
761 3073 769 3163 .·
792 3073 801 3164 .·
823 3073 832 3163 .·
854 3070 925 3165 .·.·.·
948 3073 955 3165 ῑ
979 3072 986 3165 ῑ
1010 3074 1017 3165 ῑ
1042 3073 1079 3165 3:
1131 3047 1159 3180 ,it
1191 3037 1223 3168 t

200 3198 246 3247 iil.
265 3197 307 3247 De
324 3194 786 3259 Vergilianaiindromachacum
801 3195 1079 3260 Euripideacoilata.
1130 3209 1158 3261 p.
1190 3199 1222 3249 ts

202 3278 248 3327 iv.
267 3278 307 3329 De
333 3275 502 3340 Vergiliana
523 3275 730 3328 Andromacha
752 3290 820 3328 cum
836 3276 988 3329 Homerica
1002 3289 1082 3329 com-

289 3361 393 3421 parata
419 3393 1077 3407 .......................
1130 3369 1157 3422 p.
1191 3359 1222 3410 31

104 3503 204 3553 Carus
224 3510 368 3552 inarmis.
387 3501 429 3551 De
443 3498 555 3552 Didone
567 3511 634 3551 cum
650 3496 797 3550 similibus
813 3510 888 3563 quae
903 3499 939 3550 ab
949 3500 1084 3561 Homero,

136 3579 282 3643 Euripide,
297 3578 459 3644 Apollonio,
475 3580 636 3640 Theocrito,
651 3579 767 3632 Catullo
784 3578 948 3643 descriptae
962 3578 1082 3643 fuerint,

136 3659 270 3724 personis
288 3665 462 3724 comparata.

229 3775 238 3823 Ι
242 3811 1083 3828 ............................
1156 3813 1162 3826 .

218 3859 251 3908 ll.
270 3858 430 3919 Quantum,
445 3860 475 3908 ot
487 3869 538 3908 cur
552 3855 722 3918 tantum,in
736 3856 866 3909 Aeneide
876 3859 975 3921 pateat
990 3855 1025 3908 de
1035 3856 1084 3908 Di·
1135 3788 1154 3841 p
1193 3778 1225 3830 38

297 3936 373 3988 done
392 3937 559 3989 ’eaetcocovl
580 3973 1082 3988 .................
1133 3949 1160 4001 p.
1193 3938 1224 3989 38

204 4021 250 4071 lii.
268 4020 310 4071 Dc
323 4017 445 4069 Didonis
460 4017 577 4081 ingenio
593 4018 716 4082 eJ'usque
730 4017 761 4069 in
770 4021 899 4069 Aeneam
908 4016 1018 4069 amoris
1026 4017 1083 4068 ori-

300 4099 422 4164 ginibus
450 4132 1079 4149 .....................
1131 4110 1158 4162 p.
1193 4100 1224 4149 it

205 4182 251 4231 iv.
270 4179 390 4233 Nullam
405 4179 482 4243 apud
496 4179 607 4244 priores
625 4184 726 4244 poetas
745 4191 811 4232 esse
827 4178 955 4230 similem
969 4178 1084 4230 lutura-

298 4273 476 4312 cumrerum
492 4259 743 4325 praeparationem
762 4295 1081 4309 ...........
1132 4272 1159 4324 p.
1193 4261 1224 4311 18

218 4342 251 4392 V.
269 4343 310 4392 Dc
325 4342 452 4393 Deorum
467 4353 484 4392 a
498 4341 623 4405 Vergilio
647 4341 781 4393 adhibita
805 4340 836 4391 in
855 4340 910 4391 hac
931 4339 1084 4391 occasione

299 4434 393 4491 opera,
410 4427 440 4476 et
455 4426 603 4490 quatenus
617 4421 668 4476 iiio
683 4423 774 4490 prosit
794 4458 1081 4476 ..........
1134 4431 1161 4486 p.
1192 4421 1224 4474 50
