2940 5076
532 384 629 431 carui
655 383 827 430 sucunnuu.
1178 344 1241 428 117

124 559 364 652 expergefacta
382 560 575 650 obstupet¹.
602 561 697 628 Tunc
722 560 812 627 enim
837 557 993 645 reginam
1012 576 1153 646 prorsus
1175 554 1243 622 dis-

124 667 273 735 similem
296 667 429 749 chilla,
451 688 554 757 quam
575 689 687 757 nuper
706 667 793 734 adeo
815 664 966 733 ferocem
986 669 1020 730 et
1041 663 1243 730 bellicosam

124 775 285 858 vidimus,
307 773 484 861 Vergilius
507 775 605 844 nobis
632 773 804 861 subjicit:
833 800 848 834 ιι
871 773 1011 839 flentem
1037 800 1053 834 »
1080 771 1243 837 nimirum

125 888 159 949 et
186 882 230 948 ad
258 903 372 969 genua
401 881 518 965 Turni,
547 905 591 948 ne
621 881 845 948 dimicaturus
870 880 983 962 abeat,
1011 877 1241 969 provolutam,

123 989 308 1079 futuraque
333 993 443 1056 morte
472 989 694 1079 pallentem².
731 988 802 1054 Nec
833 988 1000 1053 miramur.
1027 986 1243 1076 repentinam

124 1097 224 1163 istam
248 1096 354 1162 animi
381 1096 654 1179 conversionem,
685 1116 762 1161 cum
787 1095 915 1184 optime
945 1098 1048 1184 poeta
1075 1093 1243 1160 violentos

125 1204 268 1271 Amatae
293 1225 413 1270 sensus
437 1203 650 1294 patefecerit,
672 1203 728 1268 vel
745 1203 781 1268 in
800 1202 913 1291 primo
932 1222 1034 1267 versu
1053 1199 1087 1267 in
1108 1223 1176 1290 quo
1201 1199 1244 1267 de

124 1311 185 1377 illa
202 1311 236 1377 in
249 1317 408 1402 poemate
425 1311 551 1378 mentio
570 1311 660 1378 facta
679 1314 751 1377 est³
773 1331 780 1379 ε

529 1508 622 1569 Quem
637 1505 717 1572 regia
732 1505 841 1571 conjux

344 1587 466 1654 adiungi
480 1601 623 1653 generum
637 1591 707 1638 miro
721 1586 885 1653 properabat
897 1600 999 1636 amore.

172 1757 286 1824 Nimia
316 1757 423 1843 igitur
450 1763 502 1824 est
524 1756 560 1821 in
584 1778 721 1846 quaque
741 1778 778 1823 re
799 1761 833 1822 et
850 1756 1054 1840 immodica;
1074 1780 1143 1848 quc
1164 1778 1248 1845 ergo

128 1864 310 1954 superbius
331 1887 370 1930 ac
390 1863 499 1950 magis
520 1885 620 1930 saeve
645 1863 680 1929 in
701 1863 870 1953 principio
891 1863 1102 1932 debacchata
1122 1871 1184 1949 est,
1208 1888 1248 1933 ec

128 1970 310 2038 demissius
337 1994 429 2038 nunc
449 1970 556 2059 affligi
589 1969 775 2037 verisimile
807 1978 860 2038 est
892 1961 1074 2039 infractum
1107 1973 1250 2039 calami-

127 2077 255 2145 tatibus
275 2079 427 2146 animum
446 2083 481 2145 et
500 2079 599 2167 quasi
619 2078 653 2143 in
673 2100 709 2143 se
729 2079 857 2144 exalto
877 2079 1127 2168 prolabentem.

173 2185 243 2252 Nec
271 2184 576 2277 praetermittenda
605 2190 684 2251 sunt
706 2185 814 2251 verba
836 2186 962 2275 quibus
986 2186 1139 2253 Turnum
1165 2209 1249 2278 sup-

129 2294 206 2383 plex
231 2293 460 2383 alloquitur⁸3
486 2314 636 2381 namque
655 2292 689 2357 in
709 2292 909 2382 iisquoque
928 2292 1014 2359 nihil
1038 2317 1058 2360 a
1080 2300 1183 2384 poeta
1200 2300 1250 2362 te-

129 2422 221 2466 mere
241 2401 405 2467 emissum
430 2400 653 2490 perspicuum
677 2402 739 2465 est.
761 2398 880 2489 Neque
900 2398 956 2466 hic
979 2400 1136 2487 significo
1154 2401 1248 2470 illam

128 2506 274 2595 Vergilii
293 2508 428 2590 crebro,
450 2507 715 2589 necimmerito,
737 2507 933 2576 rhetoribus
952 2507 1127 2575 laudatam
1148 2530 1249 2595 argu-

128 2620 338 2698 mentorum,
361 2615 415 2683 vel
434 2616 469 2681 iu
496 2614 725 2704 perbrevibus
754 2615 984 2698 orationibus,
1014 2616 1247 2683 inventionem

130 2745 169 2789 ac
184 2722 445 2813 dispositionem
459 2744 466 2804 ;
480 2721 541 2788 sed
552 2723 685 2788 minuta
698 2721 758 2788 illa
768 2721 870 2806 dicta,
888 2722 1015 2812 quibus
1028 2722 1196 2814 cujusque
1210 2725 1246 2791 in

129 2829 281 2896 Aeneide
301 2829 472 2920 loquentis
492 2851 659 2919 personae
677 2828 811 2896 indoles
832 2851 909 2896 cum
930 2831 1099 2920 exquisita
1116 2831 1248 2899 subtili-

128 2922 198 3003 tate
217 2937 355 3027 saepius
370 2936 573 3003 delineatur.

173 3042 193 3109 J
196 3065 251 3109 am
272 3065 376 3133 supra
393 3043 510 3109 notavi
528 3042 615 3110 illud
633 3044 776 3111 Amatae
798 3064 806 3112 ε

504 3266 574 3282 .......
592 3231 646 3281 Per
660 3229 684 3280 si
699 3229 767 3294 quis
781 3234 904 3284 amatae

475 3310 572 3375 tangit
585 3311 668 3360 honos
682 3311 845 3364 animum...

166 3481 189 3534 1.
205 3482 268 3531 Aen.
285 3479 339 3544 xit,
353 3481 383 3529 51
398 3495 451 3544 sqq.
470 3495 475 3529 :
491 3480 523 3530 st
538 3481 633 3544 regina,
650 3496 719 3531 uoco
731 3494 828 3544 pugnae
840 3481 977 3532 conterrita
984 3486 1058 3533 sorte.
1074 3508 1106 3520 -
1121 3481 1252 3548 Perpetem

136 3553 238 3602 Suamus
254 3567 260 3601 ι
277 3572 288 3598 ιι
305 3567 367 3601 nova
388 3557 462 3612 sorte,
484 3553 508 3600 id
530 3558 569 3601 est
586 3567 693 3616 magna.
716 3573 728 3597 »
749 3552 840 3602 Aliam
862 3567 927 3601 nunc
949 3567 1004 3602 esse
1025 3567 1106 3603 rerum
1126 3557 1252 3617 rationem,

135 3625 219 3673 atium
234 3627 331 3682 statum,
343 3622 389 3672 hoo
403 3624 479 3673 verbo
494 3637 562 3672 acca
576 3624 724 3676 declaratur.

166 3695 190 3746 2.
208 3694 274 3746 Aen.
289 3694 344 3756 Xll,
361 3695 391 3743 55
400 3710 406 3744 :
416 3695 541 3753 moritura,
551 3722 580 3730 -
591 3709 639 3743 uon
655 3696 733 3744 solum
751 3695 870 3758 quiajam
885 3695 910 3743 in
924 3695 1005 3744 animo
1017 3697 1102 3745 mortis
1112 3696 1255 3746 adsciscen-

137 3767 183 3816 dae
197 3767 325 3816 consilium
347 3766 410 3817 clam
431 3767 560 3830 concipere
581 3767 676 3829 incipit,
692 3767 737 3815 sed
755 3767 814 3829 quia
827 3767 921 3815 vultum
941 3767 992 3828 jam
1014 3766 1088 3816 habet
1106 3780 1198 3828 eorum,
1213 3770 1256 3832 qui

136 3839 275 3902 propiorem
290 3839 397 3887 ultimum
409 3838 473 3886 diem
495 3839 614 3888 sentiunt.
636 3838 708 3888 Velut
722 3839 743 3886 si
758 3837 871 3896 dixisset,
897 3838 968 3886 sicuti
992 3837 1023 3887 de
1043 3838 1160 3889 Didone:
1180 3859 1193 3884 ιι
1205 3841 1256 3902 J'am

137 3911 231 3973 pallens
245 3915 322 3959 morte
336 3911 424 3958 futura.
440 3929 452 3954 »ι
467 3935 498 3946 -
515 3909 616 3958 Brasaca
631 3927 644 3954 a
656 3911 778 3958 monitura
798 3927 810 3953 s
827 3921 833 3955 :
849 3909 911 3957 satis
927 3913 1006 3958 autem
1028 3909 1109 3958 futiles
1123 3911 1155 3960 ob
1170 3925 1257 3961 causas

138 3982 178 4045 (cl.
195 3995 281 4046 appar.
297 3982 375 4030 critic.
392 3981 417 4028 in
431 3981 456 4030 h.
470 3995 505 4040 v.‚
521 3980 719 4045 Prolepcmcau,
734 3995 758 4043 p.
774 3978 839 4040 368;
855 3984 879 4028 et
896 3979 943 4029 365
959 3986 984 4029 et
996 3979 1036 4039 91,
1053 3981 1093 4029 ubi
1108 3982 1220 4043 similem,
1231 3987 1258 4031 ut

137 4054 260 4116 opinatur,
284 4053 308 4100 in
328 4053 392 4104 Aac.
414 4051 454 4112 lV,
470 4051 516 4101 136
530 4052 642 4101 mendam
657 4052 730 4100 simili
745 4051 846 4114 corrigit
864 4051 1046 4110 emendatione,
1063 4065 1108 4100 nec
1121 4053 1215 4115 minus,
1232 4056 1258 4101 ut

138 4125 234 4187 opinor,
245 4124 356 4188 infelici).
369 4123 433 4172 Bene
448 4123 584 4172 Centauros
598 4123 722 4171 existimat
736 4122 798 4171 hanc
811 4123 975 4184 conjecturam
989 4123 1127 4173 audacioris
1136 4123 1256 4188 philologi

140 4213 152 4239 ιι
169 4198 275 4259 strange
292 4193 468 4257 insecability
484 4213 496 4237 n
511 4197 605 4242 notare.

169 4265 193 4314 3.
208 4266 275 4315 Aen.
297 4265 348 4325 Vll,
363 4265 447 4316 5d5‘t.
465 4264 568 4314 Servius
583 4279 589 4313 ι
607 4283 619 4309 ιι
636 4265 696 4313 miro
714 4277 796 4313 amore
816 4279 822 4314 :
838 4277 901 4314 nova
915 4265 1111 4328 intemperantia.
1125 4284 1138 4311 ιι
1153 4264 1259 4316 cousu-

140 4351 185 4386 rcn
210 4351 216 4385 :
243 4356 256 4381 ιι
272 4337 423 4401 Properabat
447 4350 453 4384 ι
476 4336 619 4387 studebat...
644 4336 704 4384 nihil
722 4337 744 4385 ei
767 4336 814 4384 tuit
836 4335 942 4399 lougius.
965 4335 1001 4384 Cf.
1028 4336 1212 4399 coartatam
1234 4341 1259 4391 et

140 4410 206 4465 Aen,
223 4408 274 4469 Vll,
288 4409 344 4460 264.

171 4479 195 4530 1.
210 4481 275 4531 Aea.
290 4479 344 4540 Xll,
359 4479 389 4529 56
403 4493 457 4544 sqq.
