2940 5076
581 368 678 415 onear
703 369 874 415 sncuuouu.
1226 346 1288 410 115

171 569 188 604 a
210 542 329 612 sedato
343 542 447 610 corde
469 570 485 604 »
504 569 520 603 «
533 544 685 610 mussat¹
708 543 751 634 a),
772 542 979 611 -immissis
996 538 1070 628 jam
1088 539 1211 608 Amata
1231 562 1290 607 co·

169 651 300 720 hibitae
318 650 432 718 adhue
450 651 522 718 irae
542 649 688 718 habenis

321 847 518 905 immensam²
531 847 596 903 sinc
609 860 688 901 more
700 847 773 900 furit
786 846 938 912 lymphata
954 858 1006 911 per
1020 846 1133 897 urbem.
1161 865 1166 885 a

214 1017 442 1087 Bacchantem
470 1042 552 1087 vero
580 1019 784 1111 priusquam
812 1019 993 1109 depingat,
1022 1017 1110 1083 sicut
1137 1020 1171 1082 et
1193 1019 1290 1105 post-

171 1148 276 1216 quam
294 1126 458 1217 depinxit,
471 1127 646 1217 Vergilius
666 1127 766 1194 nobis
786 1128 822 1193 in
838 1131 990 1192 mentem
1004 1127 1154 1206 revocat,
1168 1122 1290 1189 adesse

172 1255 309 1324 semper
337 1239 371 1302 et
394 1235 507 1311 inesse
531 1235 699 1302 alienatae
727 1235 868 1330 reginae
896 1231 1130 1299 Alectonem⁸.
1160 1229 1292 1296 Nihilo-

171 1341 283 1407 minus
302 1345 419 1408 tamen
438 1341 660 1409 verisimilem
679 1341 861 1408 vecordiae
881 1339 973 1406 illius
989 1359 1191 1429 processum
1212 1336 1290 1402 dili-

169 1447 370 1536 gentissime
395 1455 542 1531 enarrat,
563 1449 787 1539 perfectaque
817 1452 891 1514 arte
917 1447 1166 1513 increscentem
1193 1444 1291 1533 quasi

169 1578 232 1645 per
250 1554 380 1642 gradus
396 1556 548 1649 furorem
568 1557 770 1646 legentium,
792 1556 898 1622 immo
917 1553 1157 1645 spectantium,
1182 1552 1290 1619 oculis

170 1662 320 1748 subjicit.
1279 1672 1282 1681 '

214 1769 330 1837 Primo
357 1771 449 1838 enim
474 1771 643 1861 populum
669 1772 794 1839 Amata
825 1770 1024 1861 propiorem
1058 1765 1288 1856 compellat‘3

171 1876 294 1943 deinde
324 1877 368 1944 ad
393 1877 483 1945 Deos
512 1879 677 1965 confugit,
705 1883 739 1944 et
766 1878 929 1967 quoniam
959 1896 1040 1941 sane
1074 1873 1163 1963 Deos
1200 1872 1291 1939 indi-

170 2006 288 2072 genas,
315 1986 415 2074 quasi
440 1984 647 2076 proditores
682 1986 748 2052 sibi
767 1986 883 2052 favere
909 1983 1046 2066 diffidit,
1067 1980 1206 2064 Bacchi,
1228 1980 1292 2047 Dei

171 2091 300 2158 scilicet
318 2091 755 2175 advenae,reformidatum
773 2115 902 2160 numen
921 2089 1103 2158 simulare⁵
1123 2088 1289 2170 decernit,

118 2314 121 2319 ’
201 2327 823 2394 ammwmfflwmmmm

200 2399 223 2446 2.
242 2399 294 2461 VH,
309 2399 408 2449 3η-
429 2419 441 2445 a
464 2400 608 2450 Immensum
633 2421 645 2447 υ
667 2404 733 2466 quod
756 2403 890 2467 Mediceus,
915 2404 1048 2466 Romanus,
1072 2401 1208 2459 Gudianus,
1231 2400 1293 2448 Pra-
1364 2432 1367 2437 -

169 2470 252 2533 gensis
270 2471 367 2534 duoque
382 2472 521 2522 Beruenses
540 2473 639 2537 habent,
651 2476 744 2525 criticis
763 2476 898 2539 displicuit,
914 2490 992 2539 neque
1013 2475 1140 2523 immerito.
1153 2472 1291 2533 cratem,

170 2541 306 2600 Aeacidae,
316 2543 340 2590 in
348 2541 450 2602 vileat
461 2557 467 2592 :
477 2563 488 2588 α
502 2543 556 2593 One
563 2545 674 2609 astitere
686 2548 890 2613 ecapqerutians
899 2545 982 2596 wirici
995 2560 1040 2595 are
1048 2543 1198 2608 unhappily
1207 2542 1291 2607 astat

171 2615 212 2662 too
226 2614 351 2678 frequent
366 2628 505 2665 occurerre
519 2615 547 2664 in
566 2617 659 2680 Virpil.
678 2636 690 2661 »
707 2618 825 2667 Iusudant
844 2620 867 2667 in
884 2617 1056 2682 explicandum
1075 2616 1174 2665 critici:
1190 2614 1291 2678 nequic-

170 2698 250 2747 quam.
264 2684 325 2734 Vide
340 2700 362 2737 e.
379 2702 403 2750 g.
419 2687 552 2738 Lanuuio:
572 2708 584 2734 a
601 2687 774 2741 lmmensam...
791 2691 879 2740 tndem
896 2689 1025 2754 Verpitias
1037 2688 1079 2738 die
1096 2685 1292 2751 Varateltunqea
1381 2728 1387 2740 ,

169 2756 255 2804 rainer
268 2756 449 2822 Zeitpenasaea
464 2773 512 2807 uon
532 2759 578 2809 der
597 2761 749 2825 Haupstadt
774 2762 819 2811 des
838 2761 946 2812 Reicies
965 2765 1020 2825 aas
1036 2760 1078 2810 die
1098 2756 1224 2808 Residenz
1248 2757 1293 2807 dcc

170 2826 281 2876 Latinus
304 2827 450 2893 tiberinaqt.
471 2849 482 2873 u
501 2828 624 2893 Nuperius
648 2833 779 2895 explicavit
800 2834 825 2881 in
845 2835 909 2882 hunc
927 2834 1025 2882 modum
1044 2831 1174 2880 Saaaauuu
1194 2844 1200 2877 z
1221 2848 1233 2874 a
1256 2830 1292 2878 La

167 2897 271 2962 piacola
284 2901 340 2949 cita
356 2901 385 2949 di
401 2902 530 2951 taurento
545 2917 597 2952 aaa
611 2905 624 2952 e
639 2904 764 2954 immensu
777 2920 821 2954 mu
836 2903 938 2954 sendra
952 2905 1078 2967 imiaeaau
1093 2903 1129 2952 ud
1137 2902 1236 2952 Amata
1251 2898 1294 2950 ael

169 2984 217 3018 suc
236 2972 392 3035 vertiginoso
406 2974 495 3039 pirure
514 2976 540 3023 et
559 2975 672 3038 ripirare
690 2995 711 3026 n.
725 2977 784 3025 Mihi
800 2978 880 3039 potius
896 2977 1008 3025 videatur
1019 2989 1132 3039 paruam
1151 2975 1292 3022 claretum

172 3041 256 3090 urbem
278 3043 379 3092 Amatae
401 3049 457 3094 tunc
477 3046 554 3095 videri
574 3047 674 3097 debere.
692 3048 796 3098 Aestuat
815 3048 901 3097 infelix
914 3051 1027 3110 angusto
1046 3047 1072 3094 in
1091 3046 1177 3096 limite.
1198 3044 1293 3093 Karras

171 3112 232 3161 duas
247 3116 358 3176 usurpati
375 3116 447 3164 istius
461 3117 530 3166 verbi
551 3133 638 3167 causas
652 3119 752 3168 adfert:
770 3120 798 3168 1⁰
810 3140 822 3164 «
838 3118 1028 3183 Hyperboraei
1043 3133 1099 3168 vom
1115 3116 1221 3166 Dichter
1235 3113 1292 3164 bei-

170 3186 278 3249 9esetzt,
293 3200 339 3234 um
356 3185 400 3237 die
420 3188 565 3254 Hesfiqlceit
584 3188 632 3240 der
646 3190 783 3257 Errequnq
805 3191 1031 3247 taruennicam
1047 3208 1058 3233 u
1078 3189 1106 3239 2⁰
1123 3209 1134 3234 ιι
1152 3188 1185 3238 Sc
1200 3189 1234 3236 iat
1250 3185 1293 3236 die

173 3254 252 3304 secde
266 3257 322 3305 einr
336 3257 497 3324 anychenere
511 3259 690 3327 Auadeliaanq
705 3263 741 3311 im
759 3261 891 3327 Verqleiclr
905 3277 938 3310 zu
953 3262 1012 3311 dem
1026 3260 1068 3310 die
1083 3261 1150 3310 siae
1168 3259 1294 3324 zupewie-

171 3341 249 3375 serien
268 3343 350 3393 eaqea
368 3330 467 3380 Raiime
484 3331 528 3380 des
547 3333 655 3382 Hauses.
684 3353 696 3378 υ
716 3362 748 3371 -
772 3334 874 3383 Versum
899 3335 1007 3396 spurium
1026 3346 1081 3382 esse
1103 3332 1246 3380 Pannoniae
1268 3332 1294 3378 et

172 3397 281 3448 Gossaeu
298 3401 424 3463 judicani;
447 3404 550 3466 conjecit
571 3405 689 3454 Buranun
706 3420 712 3454 :
728 3426 740 3452 a
761 3407 885 3455 incensam
906 3419 933 3465 u;
954 3406 1046 3464 Herna,
1066 3424 1078 3449 «
1097 3403 1257 3461 immesswffli
1279 3418 1292 3447 ’²

171 3469 260 3519 Jasraa
273 3472 348 3536 (apud
363 3473 492 3539 Giiruamo,
507 3490 532 3539 p.
548 3477 598 3540 xix)
611 3492 617 3526 :
631 3496 643 3522 a
658 3477 801 3528 immensum
818 3491 862 3541 per
875 3478 968 3527 orbem.
986 3495 998 3520 u

202 3541 226 3592 3.
244 3542 297 3603 VII,
314 3543 369 3605 374,
386 3560 440 3609 sqq.

400 3661 441 3704 His
458 3661 495 3706 ubi
510 3663 655 3719 nequicquam
671 3663 736 3708 dictis
748 3669 837 3720 experta
852 3664 956 3708 Latinum

399 3730 548 3769 contrastare
563 3727 631 3782 videt,
642 3751 668 3760 —
682 3729 816 3783 penitusque
828 3729 850 3772 in
866 3728 952 3771 viscera
968 3727 1055 3781 lapsum

399 3787 509 3840 serpentia
523 3787 602 3831 furiale
617 3789 699 3832 malum
715 3794 827 3845 totamque
840 3794 972 3844 pererrat...

205 3887 331 3953 Duplioem
345 3893 380 3941 ibi
393 3908 492 3943 causam
504 3900 617 3958 enarrat;
634 3897 734 3947 alteram
748 3899 883 3947 naturalem
897 3903 921 3947 et
935 3897 1063 3957 moreleur3
1078 3895 1178 3944 alteram
1193 3896 1295 3956 porten-

174 3965 252 4011 tosam
267 3967 291 4012 et
304 3963 420 4013 divinam.

207 4032 244 4084 Cf.
262 4035 326 4084 infra
341 4036 467 4102 (lot-405)
485 4053 491 4087 :

455 4155 533 4198 Talem
546 4155 605 4200 iuter
619 4156 697 4210 silvas,
711 4157 769 4212 inter
781 4157 869 4202 deserta
882 4159 980 4201 ferarum

455 4217 553 4272 reginam
566 4218 650 4262 Allecto
662 4218 760 4267 stimulis
772 4221 818 4276 agit
828 4221 925 4276 undique
936 4220 1020 4264 Bacchi.

207 4275 436 4339 ammm

208 4347 231 4395 5.
250 4348 359 4408 Suanos,
379 4351 404 4398 in
426 4351 490 4400 Aea.
508 4351 560 4410 Vll,
573 4352 621 4402 385
639 4367 646 4406 :
667 4374 679 4398 a
699 4355 780 4404 Talem
802 4357 940 4420 patiebatur
962 4357 1067 4404 furorem
1086 4357 1112 4402 ut
1133 4353 1243 4415 speraret
1268 4364 1294 4399 ae

178 4416 259 4468 Liberi
274 4434 345 4471 sacra
359 4421 498 4484 celebrare,
518 4437 568 4473 aaa
583 4425 646 4473 enim
666 4425 720 4489 ipsa
734 4425 888 4488 simulabat,
908 4427 974 4492 quod
995 4429 1032 4476 est
1051 4437 1176 4488 sanorum,
1197 4435 1252 4472 nam
1270 4425 1295 4471 et
