2940 5076
615 725 760 795 CAPUT
793 724 996 808 QUINTUM

710 950 760 1017 Du
784 949 910 1017 Canusi

293 1441 419 1510 Creusa
442 1465 511 1509 non
535 1443 646 1509 solum
671 1442 714 1507 ad
740 1441 921 1507 utilitatem
946 1443 1049 1510 totius
1069 1443 1239 1533 poematis
1260 1442 1372 1510 multo

248 1551 351 1618 etiam
376 1551 490 1616 minus
517 1571 621 1638 quam
650 1547 750 1615 Anna
774 1548 921 1631 confert,
945 1549 1006 1615 sed
1026 1554 1059 1615 et
1078 1549 1173 1617 haud
1191 1551 1371 1617 immerito

246 1657 356 1748 possit
394 1657 519 1746 aliquis
548 1657 723 1745 inquirere
755 1679 817 1723 cur
851 1678 927 1723 eam
953 1656 988 1722 in
1014 1657 1178 1724 Aeneidis
1210 1657 1371 1724 fabulam

246 1764 465 1831 introducere
485 1762 639 1848 Vergilio
660 1763 839 1853 placuerit.
862 1763 981 1853 Neque
1002 1765 1164 1853 equidem
1190 1764 1296 1831 aliam
1319 1764 1373 1830 illi

245 1871 351 1937 fuisse
371 1890 509 1937 causam
529 1871 685 1936 existimo
710 1893 814 1960 quam
839 1871 979 1936 fidelem
999 1871 1112 1954 illam,
1137 1870 1292 1957 Vergilio
1312 1895 1372 1962 pe-

246 1979 420 2059 culiarem,
436 1978 639 2045 traditarum
656 1978 722 2042 sihi
740 1977 948 2066 abantiquis
963 2000 1080 2044 rerum
1096 1978 1367 2046 observantiam.

247 2085 331 2153 Cum
353 2087 443 2151 enim
464 2085 557 2174 apud
581 2084 854 2175 posthomericos
878 2084 1063 2174 plerosque
1084 2085 1218 2153 dirutae
1242 2084 1370 2173 Trojae

244 2199 458 2275 narratoreS,
492 2191 676 2279 Trojanam
705 2191 842 2257 Aeneae
872 2214 1031 2275 uxorem,
1066 2193 1165 2259 sicuti
1194 2192 1369 2280 conjicere
1410 2204 1414 2213 ’

244 2299 336 2382 licet,
364 2299 545 2382 inveniret,
572 2320 648 2365 eam
675 2299 832 2364 omittere
863 2299 1056 2387 priscarum
1082 2299 1369 2386 religiosissimus

246 2404 468 2472 historiarum
488 2412 606 2495 poeta,
627 2427 825 2495 quanquam
844 2404 931 2471 nihil
955 2406 999 2472 ad
1022 2407 1238 2496 propositum
1264 2428 1369 2477 suum

245 2513 425 2602 profutura
445 2518 528 2596 erat,
549 2513 669 2578 noluit.

289 2619 414 2687 Variae
434 2625 549 2686 autem
570 2619 784 2707 Cyclicorum
801 2619 1012 2704 ferebantur,
1025 2626 1063 2686 ut
1078 2642 1184 2710 supra
1198 2620 1363 2703 vidimus,

244 2726 287 2794 de
314 2725 443 2794 Creusa
469 2727 619 2793 fabulae.
653 2726 788 2816 Quippe
820 2749 925 2816 quam
954 2728 1112 2793 nonnulli
1139 2728 1175 2793 in
1203 2728 1366 2794 exsilium

243 2856 322 2900 cum
342 2837 460 2899 Aenea
478 2834 666 2924 profectam
686 2833 861 2899 dixissent.
887 2833 956 2901 Sed
975 2832 1131 2920 Vergilio
1152 2855 1280 2920 magno
1299 2836 1364 2901 im-

241 2940 440 3030 pedimento
459 2941 581 3007 fuisset
599 2946 773 3030 superstes
793 2939 918 3026 trojani
934 2940 1030 3007 ducis
1049 2962 1144 3007 uxor.
1162 2939 1365 3008 Ceterorum

243 3046 383 3136 quidem
410 3047 638 3134 Trojanorum
666 3047 804 3113 Aeneae
828 3047 991 3113 comitum
1016 3048 1201 3134 conjuges¹
1222 3069 1301 3115 cum
1320 3048 1364 3114 iis

242 3176 352 3243 usque
376 3155 412 3219 in
438 3153 590 3221 Siciliam
613 3155 778 3240 navigare
804 3175 927 3243 passus
955 3160 1021 3236 est,
1044 3155 1126 3244 quia
1147 3154 1245 3220 nulla
1262 3155 1364 3220 istius

242 3262 315 3331 sine
334 3263 471 3329 nomine
485 3263 606 3328 turbae
623 3284 705 3328 cura
721 3261 856 3347 agenda
868 3261 952 3343 fuit3
973 3261 1034 3328 sed
1045 3261 1087 3327 de
1100 3261 1209 3328 nobili
1223 3262 1365 3350 profugi

242 3367 357 3435 herois
381 3369 528 3455 conjuge
557 3390 696 3456 semper
724 3369 824 3435 silere
848 3390 917 3433 non
943 3367 1126 3437 decuisset.
1147 3367 1247 3434 Adde
1267 3368 1364 3460 quod

243 3475 371 3541 diutius
408 3476 538 3541 servari
575 3473 701 3541 Creusa
739 3475 921 3543 manifesto
958 3497 1026 3541 non
1062 3475 1253 3564 potuisset,
1293 3497 1363 3564 qua

242 3581 383 3671 quidem
415 3587 596 3671 praesente
624 3582 682 3670 pio
711 3581 848 3648 Aeneae
874 3580 1017 3647 Didonis
1046 3581 1155 3648 amori
1178 3580 1361 3667 indulgere

241 3712 310 3756 non
328 3690 450 3755 fuisset
468 3688 627 3755 liberum.
651 3686 737 3755 Cum
753 3689 859 3774 igitur
877 3689 981 3755 breve
997 3693 1076 3777 post
1089 3695 1225 3779 tempus
1240 3689 1361 3778 utique

241 3796 431 3863 amittenda
457 3794 584 3862 Creusa
613 3802 718 3878 osset,
741 3817 809 3860 non
837 3796 1015 3861 meliorem
1044 3796 1257 3861 occasionem
1284 3817 1361 3862 esse

241 3904 461 3971 melioremve
488 3903 601 3968 locum
628 3903 704 3989 ejus
724 3903 932 3969 amittendae
957 3925 1062 3991 quam
1085 3908 1224 3993 captum
1251 3900 1285 3968 et
1309 3902 1361 3968 in-

241 4033 382 4079 censum
399 4009 504 4077 Ilium
517 4009 690 4095 Vergilius
711 4010 964 4099 sapientissime
985 4010 1129 4076 censuit.

272 4247 506 4310 1.nen.,11,tea;
527 4246 557 4308 V,
578 4246 696 4305 flor-681,
712 4245 824 4296 ton-718.
848 4273 879 4282 -
898 4247 924 4298 C.
948 4249 1072 4298 Auneunnr
1097 4249 1226 4309 Vrcroaeu,
1250 4250 1284 4300 de
1298 4249 1359 4301 crt-

239 4321 302 4388 9iae
317 4321 402 4386 pentir
422 4334 559 4377 romanae,
577 4334 602 4368 nr
619 4334 625 4367 :
641 4339 685 4370 a..
701 4320 860 4378 <Aeneas>
876 4334 929 4368 curo
951 4322 1034 4369 mattis
1058 4322 1148 4370 diversi
1171 4337 1245 4370 sexus
1266 4324 1358 4372 oraculi

240 4394 364 4442 admonitu
376 4392 468 4440 italiam
483 4392 543 4452 petit
556 4405 562 4450 ;
577 4396 601 4438 ut
613 4391 683 4438 docet
697 4391 836 4438 Alexander
850 4391 978 4452 Ephesius,
994 4393 1037 4441 nn.
1055 4392 1063 4438 l
1078 4393 1139 4440 Belli
1155 4393 1264 4442 Marsici.
1282 4411 1294 4437 »
