2940 5076
591 390 688 437 carur
713 384 863 448 cururuir.

561 564 615 618 Cui
631 576 738 631 parvus
753 564 844 627 Iulus,

298 643 345 697 eui
359 649 442 710 pater
456 649 485 697 et
498 646 636 710 conjunx,
649 644 815 710 quondam¹
827 648 879 696 tua
895 642 982 707 dicta,
995 640 1167 707 relinquorr

217 815 268 883 Ea
286 821 366 883 sunt
384 839 472 906 quae
492 817 647 906 profecto
668 816 790 884 fidenti
812 838 936 907 parum
962 806 1076 882 auimo
1099 836 1212 911 neque
1234 837 1293 881 au·

171 923 248 990 daci
269 946 351 990 voce
370 926 535 1014 proterat,
558 927 656 1015 quasi
677 929 769 992 certo
796 922 994 1015 praesagiat
1021 923 1094 989 fore
1122 927 1161 988 ut
1188 921 1293 1013 paulo

170 1036 250 1121 post
269 1030 459 1114 deseratur,
481 1033 529 1098 ita
556 1039 594 1098 ut
618 1034 693 1120 jam
721 1055 813 1099 nunc
842 1032 980 1097 Aeneae
1009 1030 1064 1095 vix
1092 1029 1203 1121 possit
1230 1051 1293 1096 no·

170 1139 294 1206 minari
322 1161 418 1205 uxor.
450 1139 568 1226 Longe
593 1140 710 1207 hercle
740 1161 837 1207 secus
866 1138 1109 1204 Andromacha
1135 1137 1179 1204 ad
1208 1137 1295 1203 Hec-

170 1247 306 1313 torem²
338 1267 345 1314 :
375 1274 391 1309 ιι
420 1247 472 1314 Tu
499 1247 584 1313 mihi
612 1253 646 1315 et
671 1253 770 1338 pater
795 1270 843 1330 ee,
871 1246 1012 1330 Hector,
1039 1251 1072 1312 et
1096 1245 1296 1312 veneranda

171 1361 293 1436 mater,
315 1359 350 1420 et
367 1355 485 1436 frater,
503 1354 701 1444 florensque
721 1354 930 1442 conjux...0
951 1353 1108 1419 miranda
1127 1353 1292 1441 profecto,

172 1460 236 1531 sed
261 1461 370 1528 nimia
393 1467 428 1527 et
455 1461 667 1550 imprudenti
691 1461 891 1528 fortitudine
916 1459 1000 1539 vir³‚
1029 1464 1063 1525 te
1089 1464 1150 1526 tua
1174 1460 1297 1550 perdet

172 1568 293 1650 virtus,
325 1589 388 1634 neo
415 1573 448 1633 te
477 1569 618 1634 miseret
642 1569 849 1657 infamisque
877 1567 943 1645 tui,
968 1568 1185 1656 miseraeque
1213 1568 1293 1646 mei,

174 1675 230 1741 cui
248 1675 327 1764 ipsi,
345 1679 379 1741 te
400 1673 593 1764 deperdita,
613 1675 735 1742 melius
749 1675 792 1740 sit
808 1674 872 1740 suh
892 1679 1020 1740 terram
1036 1673 1258 1740 descendere.
1279 1702 1295 1735 »

176 1781 269 1848 Haeo
289 1787 341 1848 est
358 1783 459 1847 firma
478 1783 624 1848 amantis
645 1787 679 1847 et
698 1787 832 1848 amatae
848 1781 1006 1866 conjugis
1017 1780 1145 1847 fiducia
1159 1798 1166 1848 ἰ
1181 1780 1297 1847 flebile

177 1912 260 1955 vero
281 1889 396 1955 nescio
416 1888 512 1978 quid,
531 1888 788 1979 demissumque
810 1893 844 1954 et
862 1887 1027 1978 pavidum
1048 1886 1197 1955 Creusae
1218 1911 1300 1977 que·

177 1997 268 2063 relae
289 2001 423 2063 sonant.

220 2103 287 2170 luli
319 2104 451 2170 interea
484 2130 500 2164 «
534 2125 668 2173 summo
711 2103 753 2169 de
792 2103 918 2169 vertice
956 2101 1137 2168 flammeus
1174 2103 1298 2193 emicat

144 2240 147 2247 ²
180 2233 276 2300 apex.
305 2237 321 2272 ι)
354 2210 441 2277 Tum
470 2210 610 2277 demum
634 2209 786 2276 mirabili
812 2210 941 2277 victum
968 2208 1082 2275 omine
1107 2209 1296 2278 Anchisam

179 2340 325 2408 cumque
356 2318 425 2383 suis
455 2317 550 2384 abire
584 2316 658 2404 jam
692 2320 912 2399 annuentem,
948 2315 1106 2384 sublevat
1142 2316 1305 2407 humeris-

177 2428 310 2493 Aeneas
331 2447 408 2491 cum
428 2424 481 2490 his
500 2424 637 2491 verbisl
659 2447 666 2492 :

207 2623 230 2673 1.
248 2620 312 2671 Aen.
328 2621 358 2682 ΙΙ,
374 2620 428 2671 678.
450 2621 485 2669 Ι)ε
499 2620 573 2682 hujus
587 2621 655 2669 verbi
671 2640 682 2665 ι
699 2620 820 2685 quondam
837 2640 848 2665 n
865 2634 938 2670 sensu
963 2634 1012 2668 non
1027 2620 1087 2669 satis
1102 2623 1205 2669 constat.
1232 2619 1295 2671 Seu-

174 2707 227 2742 rrus
243 2710 249 2745 :
267 2714 278 2740 o
296 2693 434 2755 Quondam
448 2691 651 2756 autaliquondo
666 2693 795 2755 siguificat,
812 2693 882 2755 quasi
896 2706 961 2740 nunc
985 2705 1047 2740 uxor
1067 2692 1164 2740 nonsit
1181 2706 1244 2754 quae
1257 2707 1295 2742 re·

173 2764 306 2828 linquitur3
322 2770 363 2814 aut
377 2770 442 2814 certe
461 2764 594 2828 quondam
612 2778 714 2828 serirper
735 2764 865 2826 significat,
886 2768 912 2811 ut
934 2764 959 2811 in
979 2764 1107 2826 Georgicis
1121 2763 1193 2824 <ΙΙΙ,
1209 2763 1293 2823 99>:

173 2856 185 2881 «
200 2841 224 2884 ut
237 2837 360 2900 quondam
371 2835 502 2898 instipulis
518 2850 620 2900 maguus
635 2837 687 2884 sine
701 2836 798 2883 viribus
812 2836 884 2897 iguis,
898 2839 945 2882 »et
959 2838 996 2882 est
1007 2849 1013 2882 :
1024 2854 1036 2879 «
1047 2849 1119 2898 quam
1129 2850 1224 2898 semper
1235 2851 1294 2886 con-

170 2909 253 2970 jugem
277 2908 415 2957 nominasti.
436 2926 447 2951 ιι
470 2907 560 2956 Haberi
576 2907 639 2956 enim
654 2906 756 2970 quaevis
773 2909 875 2968 poterat,
896 2905 1017 2954 nominari
1035 2906 1147 2954 nonnisi
1166 2908 1292 2958 nobilis.»

172 2979 260 3038 iterun,
277 2979 403 3038 Semelen,
420 2978 520 3038 Lausus,
540 2977 685 3040 Germanou,
706 2977 742 3026 sic
758 2977 949 3042 interpretantur
965 2991 971 3024 :
988 2996 999 3021 a
1016 2977 1065 3039 Ego
1079 2991 1141 3040 quae
1156 2978 1212 3027 clim
1227 2979 1293 3028 dicta

171 3049 239 3098 luero
255 3055 295 3099 tua
309 3051 416 3111 conjunx
426 3049 450 3112 (Ι
459 3050 515 3098 who
530 3064 592 3098 once
607 3048 719 3114 erp'oyed
733 3047 772 3097 au
786 3062 802 3096 o
817 3046 1293 3113 wise'ehonoui·e,Cox1uorou),postea

170 3135 229 3169 vero
249 3122 339 3169 famula
352 3121 450 3182 captiva
466 3121 617 3183 appellabor.
633 3141 644 3165 ι
661 3121 707 3183 (Cr.
727 3121 831 3176 Larisae,
848 3119 937 3184 Aretiq.
957 3119 1063 3185 Vergit„
1080 3120 1146 3183 237.)
1163 3121 1213 3183 Ego
1234 3136 1292 3171 vero

171 3193 364 3255 interpretationi
386 3206 458 3254 quam
471 3193 575 3254 priorem
596 3193 794 3241 subindicaverat
809 3191 930 3250 Servius,
947 3192 1053 3254 explicat
1067 3197 1147 3241 autem
1169 3193 1290 3252 Wiener,

172 3266 252 3327 potius
267 3263 408 3312 adsentiar:
421 3283 433 3307 o
446 3263 583 3324 Quondam
598 3265 686 3312 acerbo
701 3263 852 3312 cumdolore
865 3263 1034 3322 <dictum>,
1047 3264 1116 3326 quasi
1128 3265 1178 3326 jam
1191 3264 1293 3314 desierit

171 3350 226 3384 esse
241 3337 294 3398 ejus
309 3335 423 3398 conjunx,
433 3339 456 3383 et
470 3335 540 3397 quasi
550 3335 592 3383 ille
603 3336 699 3397 pristini
713 3335 803 3382 amoris
816 3335 906 3382 oblitus
916 3335 955 3382 sit.
968 3353 980 3378 ιι
992 3334 1145 3396 Ct.T1eur.u.‚
1155 3334 1194 3394 lli,
1210 3351 1226 3394 1,
1236 3335 1267 3384 23
1283 3353 1289 3386 :

171 3426 183 3452 o
200 3408 264 3456 Haec
285 3407 329 3455 tibi
348 3407 389 3455 vir·
408 3405 551 3470 quondam,
572 3421 642 3456 nunc
659 3407 757 3469 frater,
776 3420 834 3454 cara
851 3405 955 3466 Neaera,
966 3406 1048 3456 Mittit.
1062 3426 1074 3451 »
1090 3407 1208 3456 Formosa
1226 3407 1290 3456 idern

172 3483 264 3529 censet.
281 3478 399 3527 Buranun
414 3478 551 3527 rectissime
565 3481 749 3540 comparaverat
763 3477 838 3535 Aea,
854 3476 895 3536 IV,
916 3475 1021 3525 323-324
1096 3478 1138 3526 Cui
1158 3492 1195 3526 me
1217 3479 1290 3527 mori-

173 3551 281 3599 bundam
303 3548 406 3607 deserls,
430 3549 540 3612 hospes?
567 3549 617 3598 iloo
640 3549 719 3596 solum
740 3562 828 3596 nomen
844 3548 957 3610 quoniam
982 3548 1013 3596 de
1034 3550 1138 3611 conjuge
1156 3554 1240 3598 restat.
1259 3577 1290 3587 -

173 3621 243 3680 Quod
268 3626 375 3671 ceterum
400 3622 563 3685 jamoptime
586 3619 742 3672 intellexerat
764 3620 898 3669 Auouruus
924 3621 988 3682 apud
1013 3619 1124 3670 Servium
1151 3636 1157 3669 :
1185 3640 1197 3666 (ι
1220 3621 1290 3681 Quod

172 3694 403 3753 eventurumtimet,
419 3693 546 3756 quasijam
561 3693 699 3756 contigerit,
713 3692 794 3742 dellet.
812 3709 824 3736 »

202 3765 224 3814 2.
243 3763 389 3825 iliad.,v1,
405 3763 451 3813 lor
466 3778 520 3828 sqq.
538 3778 544 3812 :

385 3864 514 3926 Δαιμόνιε,
529 3860 608 3927 φθίσει
618 3881 647 3913 σε
661 3863 688 3913 τὸ
704 3863 748 3913 σὺν
764 3862 845 3926 μένος·
861 3858 917 3914 οὐδ’
931 3857 1047 3926 ἐλεαίρεις

386 3934 464 3986 παῖδά
478 3951 504 3985 τε
513 3932 639 3998 νηπίαχον
650 3935 694 3985 καὶ
709 3934 753 3995 ἔμ’
766 3933 909 3999 ἅμμορον..,
969 3991 974 3999 ,

609 4005 683 4069 Ἐμοὶ
698 4005 725 4058 δέ
742 4006 878 4070 acceptior
894 4005 931 4066 εἴη

385 4085 427 4130 σεῦ
443 4071 625 4143 ἀφαμαρτούσῃ
642 4080 720 4143 χθόνα
733 4072 864 4134 δύμεναι...

385 4149 489 4211 Ἕκτορ,
505 4143 568 4210 ἀτὰρ
586 4143 617 4199 σύ
633 4147 674 4209 μοί
690 4148 744 4199 ἐσσι
761 4147 842 4211 πατὴρ
857 4148 902 4198 καὶ
915 4147 1002 4200 πότνια
1016 4147 1095 4212 μήτηρ

384 4213 428 4284 ἠδὲ
444 4220 601 4283 κασίγνητος,
617 4215 647 4271 σὺ
663 4219 688 4271 δὲ
704 4238 745 4283 μοι
760 4221 859 4283 θαλερὸς
871 4219 1033 4286 παρακοίτης.

185 4318 222 4370 ,3.
241 4321 285 4370 llic
303 4320 401 4369 videtur
424 4334 479 4368 esse
500 4318 626 4380 multiplex
648 4318 716 4366 verbi
737 4319 848 4380 taraone
869 4331 956 4367 sensus
980 4319 1014 4382 (v.
1038 4317 1119 4367 Schol.
1142 4316 1158 4366 i.
1181 4316 1205 4367 h.
1227 4316 1243 4366 l.
1264 4322 1288 4367 et

169 4392 279 4452 Euromo,
294 4392 404 4440 Lexicon
418 4388 594 4452 haimricum).
611 4389 701 4438 Leuius
714 4388 824 4451 increpat
838 4387 916 4436 virum
931 4389 1110 4442 Andromacha.

200 4463 222 4511 l.
242 4465 316 4521 rien„
333 4464 362 4520 ii,
375 4461 423 4512 706
437 4477 490 4525 sqq.
503 4476 509 4522 ;
526 4460 641 4511 ‘too-710.
