2940 5076
547 324 648 374 curor
673 326 823 374 raurinu.
1203 307 1242 373 91

173 502 247 569 Non
268 509 383 568 tamen
403 503 557 584 Didonis,
580 505 732 569 Acncnin
755 503 993 569 multominus
1018 524 1121 591 quam
1147 508 1247 568 antea

127 612 360 695 aestimantis,
382 629 570 701 rursusque
597 610 752 700 Sychaeo
772 632 925 677 amorem
953 630 1053 675 suum
1080 609 1246 699 paulatim

125 717 314 800 reddentis,
336 718 395 793 illa
414 719 513 807 quasi
527 719 705 784 conversio
726 723 759 784 et
778 718 999 784 commutatio
1017 717 1099 782 lacit
1116 721 1155 783 ut
1174 738 1245 783 om-

125 826 206 891 nino
232 824 306 912 jam
336 849 376 891 ex
404 826 517 891 animo
547 824 622 912 ejus
647 825 809 892 decidant
836 825 977 891 violenti
1005 824 1071 907 illi,
1103 823 1245 914 quibus-

125 955 272 1024 cumque
299 934 395 1023 prius
422 937 622 999 exaestuare
647 933 743 998 illam
762 932 928 1014 vidimuS,
955 931 1121 999 adfectus.
1145 928 1247 1012 Quod

124 1044 294 1110 testantur
306 1042 384 1131 ipsa
399 1045 551 1107 extrema
564 1041 775 1127 vergilianae
791 1039 935 1106 Didonis
947 1038 1084 1106 verba¹.

169 1148 290 1237 Neque
321 1148 411 1213 enim
441 1170 480 1213 ex
509 1148 550 1213 iis
584 1152 733 1231 constat,
764 1152 938 1214 recentem
967 1147 1043 1233 ejus
1072 1170 1112 1213 ac
1141 1148 1247 1214 vehe-

123 1260 273 1321 mentem
298 1255 334 1320 in
358 1255 512 1321 Aeneam
538 1255 626 1320 iram
654 1254 701 1320 ita
724 1254 826 1343 plane
852 1254 1052 1320 exstinctam
1078 1276 1168 1337 esse,
1190 1260 1244 1337 ut,

124 1363 319 1452 anticipatis
349 1361 605 1452 quodammodo
633 1361 838 1430 christianae
868 1361 1045 1449 religionis
1070 1362 1244 1445 sensibus,

124 1467 214 1535 Dido
234 1470 385 1535 moriens
405 1467 575 1559 proditori
590 1470 757 1555 ignoscat.
774 1468 914 1536 Minime
934 1467 1106 1558 profect03
1129 1490 1248 1559 supre-

124 1598 290 1666 mumque
328 1577 474 1667 halitum
512 1577 685 1660 efflatura,
728 1603 744 1639 (ι
780 1575 912 1642 crudeli
945 1575 1105 1643 Dardano
1142 1605 1158 1640 »
1192 1578 1248 1644 vel

126 1684 240 1751 adhuc
266 1683 458 1766 maledicit,
485 1682 692 1773 ultionisque
719 1690 800 1749 tuno
820 1684 923 1749 etiam
952 1684 1113 1769 cogitatio
1134 1686 1247 1751 animo

127 1792 342 1861 obversatur.
370 1790 500 1859 Verum
528 1790 615 1857 illud
644 1792 821 1880 superstiti
849 1791 1014 1858 satisfacit
1037 1792 1126 1875 irae,
1147 1792 1248 1881 quod

127 1899 193 1967 etsi
211 1898 378 1965 derelicta
396 1904 430 1965 et
442 1903 645 1994 contempta
665 1904 698 1965 et
718 1898 864 1986 jamjam
883 1899 1050 1964 moritura
1069 1900 1128 1981 sit,
1150 1900 1247 1965 dere-

125 2007 303 2097 linquente
322 2006 442 2073 Aenea
460 2027 500 2072 ac
517 2006 655 2072 vivente
675 2011 709 2073 et
726 2006 896 2097 impunito
912 2006 1116 2073 antecellere
1132 2010 1247 2074 tamen

127 2113 280 2205 sibiipsi
299 2113 435 2182 conscia
454 2117 505 2180 est
531 2134 539 2182 :

609 2228 767 2282 Moriemur
780 2228 903 2291 inultae,

299 2300 350 2354 sed
362 2300 532 2365 moriamur,
546 2300 597 2353 ait.
613 2301 665 2360 Sic,
679 2301 717 2351 sic
726 2300 806 2365 juvat
815 2302 862 2355 ,ire
876 2301 931 2354 sub
948 2302 1085 2356 umbrast

173 2479 264 2546 Num
282 2490 400 2548 rursus
423 2480 577 2547 Aeneam
606 2500 673 2545 non
695 2478 768 2566 jam
797 2481 914 2546 amat?
944 2479 1062 2567 Longe
1091 2483 1245 2572 prolecto

126 2586 226 2655 abest
244 2592 282 2654 ut
301 2592 434 2655 tantum
457 2587 628 2674 Vergilius
658 2592 777 2654 contra
804 2588 1139 2656 verisimilitudinem
1167 2614 1246 2681 peo-v

123 2696 271 2762 caverit!
294 2694 603 2764 Verumenimvero
625 2716 732 2784 usque
750 2717 953 2785 permanere
974 2702 1008 2763 et
1027 2697 1141 2764 animo
1169 2699 1244 2786 ejus

122 2800 268 2869 haerere
284 2802 422 2870 Aeneae
443 2824 596 2869 amorem
617 2808 690 2869 tum
708 2802 768 2869 illa
787 2803 864 2893 ipsa
882 2803 990 2870 verba
1010 2803 1213 2872 denuntiant
1234 2826 1242 2876 ε

324 3007 432 3060 Duloes
445 3007 576 3064 exuviae.
592 3006 663 3058 dum
679 3006 739 3059 fata
754 3005 886 3072 deusque
902 3006 1027 3073 sinebat,

324 3079 449 3145 accipite
464 3079 539 3130 hanc
553 3078 700 3144 animam;

122 3261 199 3324 tum
216 3257 374 3325 ardentia
386 3258 447 3325 illa
461 3280 550 3351 quae
571 3285 587 3320 «
607 3257 766 3326 dulcibus
788 3259 917 3326 exuviis
932 3259 941 3293 ¹
958 3287 974 3323 »
992 3259 1066 3348 tigit
1082 3262 1241 3333 osoula²:

124 3558 193 3606 xvm,
208 3544 236 3606 63
252 3544 307 3594 Tru.
325 3544 408 3606 Loca,
424 3544 454 3595 ir.
471 3543 519 3608 23).
536 3544 577 3593 Sic
590 3544 769 3608 quodammodo
781 3545 901 3595 satisfacit
914 3546 1012 3609 Didoni,
1028 3548 1112 3611 cujus,
1128 3550 1191 3599 sicut
1205 3551 1244 3599 di·

124 3615 158 3664 cit
172 3616 291 3665 Ausonios
305 3615 404 3680 (Epipr.
416 3616 446 3664 ia
460 3615 547 3664 Didus
560 3616 720 3681 imaginem),
733 3636 744 3662 «
756 3617 844 3665 damna
857 3618 988 3679 pudicitiae
1002 3637 1013 3662 u
1025 3619 1136 3682 finxerat,
1151 3626 1175 3669 et
1187 3621 1243 3670 illa·

122 3690 171 3735 tam
186 3688 272 3748 lamae,
287 3706 299 3733 (ι
321 3702 369 3751 qua
383 3688 435 3736 sola
449 3688 530 3736 sidera
543 3688 627 3736 adibat
641 3687 692 3750 (lV,
706 3688 762 3750 321)
780 3707 801 3747 a,
818 3689 930 3750 injuriam
948 3691 1017 3752 quusi
1033 3691 1133 3753 corrigit
1148 3692 1195 3754 (Cl.
1212 3694 1243 3744 de

123 3773 197 3808 sensu
211 3760 282 3808 istius
297 3772 385 3809 versus
394 3759 449 3816 321,
462 3758 580 3815 lividum,
595 3774 659 3808 neue
670 3760 800 3825 Beitru'ye,
810 3775 834 3822 p.
850 3759 902 3817 103,
916 3765 940 3809 et
955 3761 1092 3824 lonsicin)

153 3829 176 3881 1.
195 3830 235 3890 IV,
251 3830 306 3880 651.
323 3830 430 3891 61618,
446 3829 501 3891 496,
515 3830 561 3880 sot
577 3845 630 3894 sqq.

151 3901 175 3951 2.
193 3902 275 3965 Longe
292 3903 356 3950 enim
370 3903 441 3951 abest
456 3907 481 3950 ut
495 3902 589 3951 Harnio
609 3902 734 3951 adsentiar
753 3902 784 3951 de
798 3902 840 3961 IV,
856 3901 903 3951 659
923 3917 929 3950 :
951 3922 962 3947 a
979 3918 1007 3952 or
1022 3904 1147 3968 impressu
1163 3909 1243 3958 toro:

120 3973 213 4022 scilicet
231 3973 333 4036 percita
346 3974 450 4036 surore,
467 3973 545 4022 salute
560 3973 690 4035 desperata
705 3977 728 4022 et
742 3978 819 4022 morte
831 3974 881 4034 jam
898 3974 986 4023 vicino.
1002 3974 1061 4023 'Non
1078 3976 1141 4024 enim
1153 3977 1174 4024 is
1191 3984 1243 4028 erat

108 4045 168 4106 ·jam
182 4045 271 4092 mentis
285 4045 392 4103 habitus,
409 4049 434 4092 ut
448 4045 585 4094 exosculari
605 4046 661 4093 illas
676 4046 777 4093 exuvias
793 4045 855 4092 velle
870 4045 949 4094 videri
965 4047 1056 4108 possit,
1073 4061 1150 4109 neque
1167 4050 1243 4098 verba

120 4129 183 4178 quae
197 4115 293 4177 ellatur,
309 4117 357 4164 tale
372 4115 430 4178 quid
446 4121 578 4179 arguunt...
597 4134 608 4159 »
633 4115 740 4174 Quidni?
761 4116 837 4164 Multo
860 4117 951 4165 rectius
970 4094 1076 4166 K'vnin
1092 4117 1166 4180 (irene
1183 4120 1243 4169 Bei-

122 4189 207 4251 trdqe,
221 4201 246 4250 p.
262 4186 329 4250 211),
344 4187 386 4248 qui
401 4185 478 4245 tales,
494 4187 579 4248 quales
596 4188 729 4249 praesumit
747 4185 868 4248 Heynius‚
885 4202 973 4236 sensus
993 4189 1066 4251 paulo
1083 4194 1138 4238 ante
1153 4205 1242 4240 conve-

121 4257 189 4308 nisse
204 4258 295 4308 Didoni
306 4257 402 4320 judioat
417 4257 450 4321 (v.
469 4257 530 4316 612,
545 4257 614 4321 616),
630 4263 680 4306 tum
698 4271 757 4307 vero
771 4258 872 4320 suroris
887 4259 911 4306 in
926 4259 1004 4307 locum
1023 4275 1106 4322 pacem
1121 4263 1241 4324 quandam

121 4333 145 4378 et
167 4329 322 4378 serenitatem
346 4329 498 4377 successisse
520 4329 643 4390 sapienter
663 4328 842 4378 animadvertit.
862 4356 892 4365 —
915 4330 984 4378 Errat
1004 4345 1100 4394 quoque
1123 4333 1242 4384 Formosa

123 4400 209 4452 dicens
225 4414 231 4449 :
248 4419 260 4445 o
275 4414 339 4464 prae
353 4400 436 4449 ultimi
453 4397 542 4448 dolore
557 4400 582 4448 in
596 4405 675 4449 torum
691 4400 797 4450 incubat.
815 4418 826 4444 υ
845 4400 880 4450 Cr.
897 4415 921 4465 p.
935 4400 975 4466 92,
989 4415 1013 4450 n.
1031 4402 1053 4453 1.
1106 4440 1113 4467 ἒ
1133 4457 1135 4462 ,
