2940 5076
595 368 692 415 oarur
718 371 867 416 raanan.
1251 345 1293 410 87

172 540 336 640 scandere
347 551 369 623 ¹,
384 542 494 607 —vix
508 543 669 609 tamenin
685 548 837 609 mentem
850 541 951 608 nobis
967 542 1085 608 venire
1101 545 1227 631 potest,
1242 539 1294 605 fe-

170 650 300 716 minam
319 647 424 731 hano,
445 648 584 715 Aeneae
606 649 692 716 adeo
713 653 746 715 et
766 649 881 715 animo
901 653 935 716 et
954 670 1098 739 corpore
1118 647 1291 729 devotam,

170 761 318 822 mortem
338 756 370 822 ei
389 754 565 822 crudelem
585 761 689 846 atque
708 755 900 843 ignobilem
918 757 1032 847 primo
1053 759 1172 846 optare
1195 777 1202 823 :

297 951 384 1016 Spero
399 951 535 1016 equidem
549 951 663 1014 mediis
679 951 790 1017 siquid
805 951 853 1017 pia
867 950 991 1004 numina
1007 953 1141 1016 possunt,

296 1031 441 1096 supplicia
454 1032 619 1084 hausurum
635 1031 777 1098 seopulis3

167 1187 277 1269 ximmo
291 1203 405 1286 etiam,
418 1208 489 1269 tam
500 1202 598 1269 brevi
612 1209 768 1293 tempore
782 1203 990 1286 intermisso,
1006 1201 1188 1293 deplorare
1202 1199 1296 1289 quod

173 1313 323 1398 nequeat

468 1416 624 1480 abreptum
639 1415 776 1468 divellere
789 1428 894 1480 corpus
910 1420 939 1468 et
953 1415 1040 1469 undis

329 1507 477 1562 spargere,
493 1509 554 1548 non
569 1497 673 1562 socios,
686 1509 748 1549 non
763 1497 861 1561 ipsum
874 1497 1029 1548 absumere
1044 1497 1119 1548 ferro

327 1568 498 1639 Ascanium,
513 1577 676 1644 patriisque
691 1577 870 1644 epulandum
885 1589 992 1642 ponere
1008 1577 1154 1630 mensis...

175 1747 267 1831 Quid
287 1748 353 1818 sibi
378 1756 518 1815 eruenta
542 1749 608 1815 ista
634 1749 766 1815 somnia
787 1749 930 1815 volunt?
955 1749 1128 1815 Tantaene
1154 1748 1297 1813 tenerri-

174 1856 238 1921 mis
273 1855 395 1924 animis
427 1856 516 1922 irae!
554 1854 725 1924 Mitiorem
760 1855 914 1946 profecto
953 1861 987 1922 et
1028 1854 1295 1922 moderatiorem

172 1961 326 2028 Ariadna
346 1985 381 2028 se
402 1968 566 2052 praestat,
594 1985 697 2052 quam
717 1964 830 2029 miuus
850 1968 966 2029 tamen
979 1962 1193 2038 moderatam
1206 1983 1293 2044 esse,

176 2068 308 2155 majore
328 2069 455 2156 injuria
481 2071 611 2135 laesam
636 2075 670 2135 et
688 2070 856 2156 majorem
883 2070 917 2135 in
939 2091 1139 2135 aerumnam
1163 2068 1297 2134 denier-

177 2197 262 2259 sam,
284 2176 426 2244 lioeat...
446 2175 582 2266 Quippe
596 2199 684 2266 quae
704 2177 749 2243 ab
761 2176 1012 2243 Eumenidibus
1024 2177 1198 2264 postulata
1213 2198 1296 2266 sup-

173 2283 278 2373 plieia
297 2305 364 2349 non
386 2289 457 2350 tam
477 2285 578 2350 certis
603 2283 718 2349 verbis
748 2282 930 2370 designare
950 2306 1062 2372 neque
1088 2288 1158 2349 tam
1186 2283 1297 2350 saevis

173 2390 261 2456 votis
283 2390 427 2458 definire
443 2396 540 2457 curet
563 2412 569 2460 :

346 2589 418 2648 Huc,
433 2585 490 2637 huo
505 2585 672 2648 adventata,
689 2599 771 2639 meas
785 2588 886 2640 audite
900 2586 1044 2652 querellas

344 2670 438 2726 <et>
452 2664 533 2730 quali
549 2667 641 2718 solam
656 2667 788 2718 Theseus
803 2681 849 2719 me
866 2672 964 2719 mente
981 2666 1103 2731 reliquit

346 2746 397 2798 tali
411 2750 520 2809 mente,
535 2749 621 2810 Deae,
638 2747 769 2799 funestet
782 2760 872 2813 seque
887 2747 1042 2811 suosquei.

176 2913 347 2981 Catullum
371 2920 486 2983 tamen
510 2917 559 2982 ibi
579 2916 754 3003 Vergilius
778 2917 889 2983 noluit
915 2918 1031 3006 sequi,
1059 2917 1299 3007 Euripideam·

166 3044 243 3112 que
272 3029 331 3090 aut
358 3024 643 3114 Apollonianam³
671 3024 829 3093 Medeam
857 3024 985 3091 referre
1012 3026 1127 3114 potius
1159 3024 1295 3106 habuit;

176 3151 281 3219 quam
299 3135 427 3213 tamen,
450 3153 527 3197 cum
547 3136 670 3198 natura
690 3132 939 3222 superbissima
954 3132 1010 3214 sit,
1032 3136 1066 3198 et
1085 3131 1224 3217 ultionis
1241 3155 1299 3220 ap·

175 3237 331 3326 petens⁴,
361 3242 394 3303 et
419 3237 507 3322 fera,
530 3244 715 3328 propterea
743 3238 854 3326 magis
874 3239 1060 3310 verisimile
1088 3244 1139 3305 est
1163 3240 1198 3304 in
1222 3245 1298 3304 tan-

176 3347 228 3409 tas
247 3345 370 3411 iratam
389 3343 677 3414 debacchationes
698 3347 824 3437 abripi.

208 3608 230 3659 l.
249 3608 311 3671 Ipsis
325 3613 405 3658 autem
421 3611 546 3660 vocabulis
565 3613 654 3675 quihus
669 3612 732 3660 Dido
750 3613 857 3661 Aeneam
872 3613 982 3660 vicissim
998 3613 1137 3676 compellat,
1158 3614 1298 3663 increscens

175 3679 213 3727 ira
228 3680 386 3741 significatur.
403 3677 443 3738 IV,
460 3681 507 3730 323
523 3699 529 3733 ε
546 3682 655 3745 hospes;
670 3682 708 3742 lv,
724 3683 770 3732 tal
787 3698 792 3731 :
809 3683 901 3732 bostis.
916 3684 1008 3745 Nempe
1028 3684 1053 3731 in
1074 3685 1209 3746 posteriore
1224 3700 1298 3733 versu

175 3765 224 3798 non
237 3752 360 3799 veteribus
375 3753 552 3814 interpretibus
568 3754 693 3802 adsentior
708 3756 748 3817 qui
766 3755 841 3818 (apud
857 3755 942 3816 Sasu,
959 3756 974 3804 i.
992 3755 1016 3805 h.
1029 3756 1057 3817 l.)
1067 3754 1166 3804 bostem
1179 3756 1298 3819 iuterpre-

174 3825 285 3870 tarentur
300 3827 413 3884 tanquam
428 3824 569 3882 advenam,
584 3826 765 3889 pereprr'mcm,
787 3825 923 3888 hospitem.
941 3827 984 3874 ilie
1002 3827 1141 3875 meminisse
1157 3827 1227 3876 decet
1246 3827 1300 3876 Gau

176 3891 256 3957 (bip,
269 3893 288 3953 l,
303 3907 354 3951 nv1,
370 3893 445 3957 aab:
462 3913 474 3939 «
493 3893 559 3952 Quos
576 3910 621 3943 nos
641 3896 728 3945 hostes
743 3897 907 3958 appellamus,
923 3912 966 3945 eos
981 3902 1075 3945 veteres
1092 3898 1238 3960 perduelles
1252 3913 1299 3961 ap-

176 3962 303 4082 peldgbam
312 3978 361 4083 per
375 3980 426 4012 earn
442 3965 604 4027 adjectionem
619 3967 757 4015 indicantes
772 3981 826 4015 cum
842 3968 932 4029 quibus
946 3968 1036 4016 bellurn
1051 3973 1125 4019 esset.
1142 3989 1153 4013 »
1170 3968 1200 4019 V.
1216 3984 1299 4032 supra,

176 4048 201 4095 p.
248 4049 295 4094 ,n.
329 4072 334 4083 .

206 4103 231 4152 2.
249 4104 363 4167 n'xrv,i95
377 4121 431 4170 sqq.

207 4172 231 4225 3.
249 4176 283 4225 Cl.
303 4192 387 4241 supra,
404 4193 428 4240 p.
440 4177 471 4227 53
485 4177 593 4226 additam
610 4185 703 4232 notam.
715 4207 745 4218 -
759 4181 862 4243 Insuper
873 4180 911 4229 his
923 4187 1032 4232 materna
1042 4182 1187 4245 Euripideae
1201 4183 1301 4233 Medeae

178 4248 294 4309 superbia
308 4249 421 4308 laeditur,
438 4263 486 4313 quo
499 4250 576 4312 magis
591 4250 687 4301 efferari
702 4252 812 4301 naturale
828 4256 873 4303 est.

183 4322 186 4326 ’
210 4318 234 4369 4.
249 4320 358 4384 Ανῃοη.,
372 4320 414 4382 lV,
430 4336 453 4371 v.
469 4319 579 4369 385-390
598 4335 604 4369 τ

782 4426 810 4481 ἐκ
825 4431 851 4483 δέ
865 4450 893 4482 σε
911 4431 1006 4499 πάτρης

476 4495 558 4552 adria(
574 4499 671 4566 epale'
691 4502 806 4555 ἐλάσειαν
826 4503 944 4570 Ἐρινύες,
959 4508 1006 4556 etc.
