2940 5076
162 322 214 387 ,96
622 344 698 389 rius
722 343 827 392 roton.

168 515 226 601 jus
246 539 266 582 a
285 540 320 584 se
339 517 416 608 ipsa
435 523 525 585 stare
545 542 589 585 ne
608 520 788 610 paululum
805 520 946 611 quidem
966 517 1210 586 subdubitat...
1224 515 1293 585 Vel

174 649 190 688 u
211 626 378 692 moritura
399 653 414 688 »
435 626 525 693 Deos
544 627 670 693 iterum
693 655 708 689 «
730 633 908 698 testatur»
932 633 966 693 et

361 840 386 892 si
400 839 479 904 quod
496 853 557 892 non
571 852 664 906 aequo
682 840 798 894 foedere
812 844 944 892 amantes

295 933 382 973 curae
396 934 508 974 numen
522 921 611 976 habet
623 922 799 987 justumque
811 933 990 985 memorque.
1007 923 1153 987 precatur.

216 1108 462 1178 Verumtamen
489 1132 660 1202 nusquam
692 1111 844 1203 apertius
881 1132 986 1201 quam
1022 1111 1058 1177 in
1094 1108 1297 1177 novissimis

173 1216 289 1283 verbis
312 1216 378 1283 ista
401 1215 598 1285 declaratur
621 1218 713 1286 illius
733 1217 776 1284 de
801 1239 863 1284 suo
882 1220 1008 1284 amore'
1026 1240 1066 1284 ac
1091 1215 1134 1284 de
1159 1237 1196 1282 se
1216 1215 1298 1305 ipsa

173 1324 301 1413 opinio.
325 1324 411 1391 Tum
436 1325 525 1392 enim
545 1325 768 1416 praeteritam
787 1326 894 1391 vitam
917 1326 1118 1415 respiciam,
1140 1323 1207 1390 sibi
1226 1323 1296 1413 ipsi

173 1430 285 1497 bonae
305 1432 534 1500 conscientiae
555 1454 634 1499 cum
652 1432 792 1500 minime
808 1436 899 1499 tecta
913 1432 1077 1522 superbia
1092 1430 1208 1498 reddit
1227 1433 1300 1498 tes-

174 1537 385 1608 timonium:

345 1752 414 1805 Vixi
430 1756 459 1804 et
473 1765 563 1817 quem
578 1752 700 1806 dederat
715 1766 835 1820 cursum
852 1754 971 1808 fortuna
985 1754 1083 1821 peregi
1096 1767 1103 1819 3

346 1841 370 1884 ct
381 1847 453 1884 aune
467 1848 569 1898 mappa
582 1835 635 1884 mei
647 1835 695 1884 sub
713 1841 801 1886 terras
812 1836 861 1887 ibit
873 1837 972 1900 imupe.

390 1911 481 1972 Felix,
496 1913 572 1966 heu!
588 1913 716 1968 nimium
733 1915 814 1979 felix,
833 1915 859 1967 si
872 1915 959 1968 litora
973 1918 1093 1976 tantum

346 2005 500 2058 nunquam
517 1993 680 2047 Dardaniae
693 1995 862 2062 tetigissent
874 2000 976 2048 nostra
991 1994 1119 2048 carinae.

175 2182 352 2273 Infelicem
374 2182 481 2270 igitur
500 2203 536 2254 se
560 2183 665 2250 fuisse
682 2183 830 2267 fatetur;
851 2195 980 2250 sontem
1000 2205 1095 2266 vero,
1116 2186 1218 2265 tacet,
1241 2205 1303 2250 ne-

176 2313 243 2382 que
263 2289 417 2381 profecto
438 2288 559 2358 credit.
589 2289 725 2382 Quippe
746 2314 850 2381 quam
870 2291 1016 2370 malurn,
1038 2294 1076 2357 ut
1099 2291 1147 2356 ite
1170 2289 1300 2374 dicam,

176 2397 309 2480 adierit,
331 2396 527 2465 volentibus
551 2396 641 2480 Diis;
663 2420 732 2464 non
751 2399 812 2465 illa
830 2399 959 2465 malum
980 2396 1065 2465 adiit
1080 2401 1202 2487 sponte
1224 2418 1301 2464 sua.

176 2505 296 2595 Nuper
314 2503 455 2594 quidem
474 2504 643 2571 Didonem
670 2533 685 2566 «
711 2506 788 2572 fatis
817 2505 1035 2572 exterritam¹
1059 2503 1304 2572 »ostendebat

177 2611 369 2699 Vergilius3
386 2634 477 2679 nunc
488 2652 531 2669 -ν
541 2613 641 2702 quasi
655 2615 761 2681 menti
777 2613 864 2701 ejus,
875 2612 992 2679 divina
1001 2612 1152 2703 quadam
1166 2611 1304 2678 revela-

177 2720 281 2801 tione,
304 2719 396 2786 clara
413 2718 545 2786 lumina
561 2720 844 2810 praependentur
862 2724 1081 2808 retectaeque
1100 2718 1306 2809 praeterito·

178 2848 255 2892 rum
275 2830 460 2893 eventuum
474 2828 624 2893 rationes
639 2831 791 2917 pateant,
803 2867 847 2877 —
859 2826 1117 2914 intellegentem
1133 2824 1229 2891 illem
1245 2846 1304 2892 os—

179 2932 288 3000 tendit
307 2937 474 3024 quantum
489 2934 662 3004 felicitatis
681 2936 748 3025 ipsi
769 2961 784 2996 «
806 2936 876 3002 feta
891 2933 1045 3024 deusque
1068 2962 1084 2995 >›
1105 2933 1305 3023 impertive-

179 3041 264 3124 rint,
288 3045 455 3130 quantum
481 3063 601 3107 rursus
626 3042 852 3110 calamitatis²
872 3041 1052 3128 obtingere
1072 3040 1303 3109 decreverint.

182 3175 198 3208 (ι
220 3145 348 3238 Culpae
370 3175 387 3210 u
406 3170 489 3215 vero
508 3148 620 3231 istius,
643 3172 748 3238 quam
766 3150 906 3216 ineunte
926 3171 1043 3216 amore
1064 3171 1125 3216 suo
1144 3148 1221 3239 ipsa
1239 3170 1306 3215 no-

180 3254 345 3338 minabat,
367 3254 498 3323 nullam
517 3255 573 3322 hic
602 3257 812 3324 mentionem
839 3257 932 3324 facit.
962 3256 1065 3322 Nulla
1089 3257 1121 3322 ei
1144 3262 1306 3346 superest

180 3363 313 3452 peccati
337 3362 484 3451 alicujus
510 3364 734 3445 conscientia,
764 3387 833 3453 qua
858 3364 1007 3433 moriens
1035 3362 1301 3431 conturbetur...

224 3469 331 3560 Atqui
356 3470 404 3537 ita
429 3493 579 3561 quoque,
596 3472 637 3560 ni
655 3471 769 3555 lallor,
791 3493 888 3538 suam
909 3493 992 3558 erge
1011 3470 1179 3538 Didonem
1198 3470 1306 3537 bene-

180 3576 366 3644 volentiam
384 3583 488 3667 poeta
505 3579 629 3646 iterum
644 3578 844 3662 declaravit,
863 3600 939 3646 curn
961 3606 977 3641 α
998 3579 1139 3646 fatalem
1160 3605 1176 3641 »
1197 3577 1305 3645 fuisse

214 3861 237 3914 1.
253 3861 294 3922 IV,
310 3861 364 3912 450.
379 3889 411 3899 —
421 3863 439 3910 1.
455 3877 476 3911 e.
492 3882 504 3908 «
520 3864 591 3911 melis
606 3864 667 3923 suis,
684 3865 782 3914 miseria
799 3880 843 3915 sua
864 3871 1032 3928 consternata,
1048 3880 1120 3929 quam
1136 3867 1160 3916 in
1177 3865 1234 3914 fatis
1248 3879 1306 3917 este

183 3949 246 3983 nunc
262 3934 389 3998 intellegit.
406 3952 418 3978 n
434 3934 452 3982 F
453 3949 562 3985 onerum.
574 3935 615 3984 Sic
630 3935 747 3994 erdncn‚
760 3936 879 3995 Erltlitr„
894 3953 918 4001 p.
937 3938 988 3989 128.
1000 3964 1032 3975 -
1044 3938 1181 3987 deterrita
1195 3935 1306 3986 erdntn

183 4006 243 4056 dicit
252 4008 379 4067 excitata,
391 4006 509 4056 turbate.
522 4007 613 4066 Heme,
625 4008 659 4058 in.
672 4010 695 4060 h.
708 4010 724 4059 l.
738 4024 744 4058 :
756 4028 768 4053 «
780 4011 925 4059 exterritus
939 4010 970 4060 de
985 4011 1016 4059 iis
1029 4011 1120 4061 dicitur
1133 4011 1174 4073 qui
1189 4013 1305 4058 conster-

182 4079 233 4127 nati
251 4079 333 4127 subito
347 4079 428 4142 aliquo
442 4093 500 4127 cusu
515 4083 539 4128 et
549 4083 629 4129 mente
644 4081 744 4130 alienati
760 4081 890 4132 insaniant.
906 4101 917 4126 o
933 4083 1031 4131 Minime
1045 4086 1111 4132 recte
1126 4079 1244 4140 erdm,
1260 4095 1306 4130 ne-

182 4162 229 4214 que
244 4164 338 4199 omnem
353 4164 451 4198 sensum
465 4150 551 4199 reddit
565 4151 648 4200 Herus
664 4167 670 4200 :
687 4155 771 4201 terror
786 4154 884 4214 proprie
900 4154 1050 4216 significatur
1068 4154 1108 4202 his
1127 4153 1219 4212 verbis,
1234 4153 1304 4215 quasi

182 4222 319 4285 potentiore
328 4221 426 4268 numine
441 4221 592 4270 sodomitam
608 4224 697 4273 sentiet
711 4227 736 4272 et
750 4228 894 4286 prostratum
912 4224 983 4274 Dide.

215 4293 238 4342 2.
255 4290 295 4356 tv,
310 4291 357 4342 550
372 4306 378 4341 z

437 4375 480 4468 pon
495 4363 561 4405 licuit
575 4363 666 4406 thalami
679 4370 792 4423 expertem
806 4366 853 4410 sinc
866 4367 957 4411 crimina
970 4367 1047 4412 vitam.

454 4437 545 4483 egesti...
