2940 5076
546 389 644 436 csrur
669 390 819 436 rennuit.
1201 368 1248 437 93

113 559 215 630 'totos
234 562 420 644 aboleret¹,
453 569 512 631 aut
538 569 610 631 tam
633 565 735 633 facile
764 569 798 631 et
822 568 965 655 repente
995 569 1241 654 compesceret,

123 691 229 760 quam
248 670 283 737 in
303 670 414 760 primo
432 671 596 742 Aeneidis
615 672 705 739 libro
723 671 885 763 luppiter

377 903 448 917 ......
466 865 546 919 dicto
559 866 658 930 citius,
674 866 790 920 tumida
806 878 934 932 aequora
947 865 1043 932 placat

277 985 281 989 .
341 941 434 998 <et>
448 942 573 991 cunctus
588 939 687 1006 pelagi
703 938 811 993 cecidit
824 939 931 1005 fragor.

122 1109 285 1177 Perstant
304 1132 387 1197 ergo
405 1109 512 1177 iidem
533 1116 615 1178 tunc
634 1111 737 1178 etiam
756 1112 793 1178 in
812 1111 955 1178 Didonis
974 1115 1089 1177 mente
1109 1131 1243 1193 sensus,

124 1257 170 1268 —
198 1217 314 1308 (idque
343 1222 487 1284 naturae
514 1240 658 1308 prorsus
687 1241 877 1287 consonum
911 1217 994 1310 est);
1025 1257 1070 1268 -
1098 1218 1246 1305 mitigati

124 1347 208 1392 vcro
235 1326 476 1416 extenuatique
505 1330 684 1417 perstant;
715 1332 749 1393 et
775 1327 804 1393 si
830 1349 900 1393 non
925 1327 1065 1393 omnino
1089 1326 1243 1417 placida,

121 1437 246 1522 pacata
265 1432 388 1500 saltem
407 1431 495 1499 Dido
515 1431 558 1499 de
578 1433 649 1500 vita
667 1433 853 1501 decessura
872 1437 935 1499 est.

170 1538 270 1621 Quod
289 1560 414 1629 nempe
433 1544 595 1630 utquam
614 1540 762 1607 maxime
786 1540 846 1606 fiat
874 1539 1021 1630 talisque
1042 1560 1117 1606 esse
1136 1560 1246 1630 appa-

117 1651 198 1714 reat
212 1647 390 1713 morientis
405 1647 546 1733 reginae
567 1646 672 1713 animi
690 1645 843 1729 habitus,
866 1651 1008 1738 propter
1027 1646 1105 1729 hoc,
1126 1644 1243 1729 credo,

123 1759 227 1845 poeta
241 1753 349 1821 voluit
368 1755 506 1820 omnino
527 1754 571 1821 ad
589 1759 805 1845 postremum
823 1754 1004 1821 evanidam
1019 1758 1131 1821 tacere
1149 1753 1246 1820 illam

123 1860 266 1931 admissi
295 1883 380 1949 erga
413 1859 608 1950 Sychaeum
635 1862 782 1953 perjurii
815 1861 1076 1942 conscientiam,
1109 1883 1180 1951 qua
1213 1866 1247 1928 et

122 1969 237 2052 initio,
265 1974 299 2036 et
322 1969 358 2036 in
378 1968 493 2036 media
512 1970 627 2059 quarti
645 1969 750 2057 hujus
768 1968 851 2036 libri
869 1968 1004 2060 parte²,
1027 1968 1246 2036 sollicitatam

124 2073 296 2144 Didonem
314 2076 477 2145 vidimus.

169 2183 266 2251 Hanc
285 2189 402 2252 autem
426 2183 569 2252 admissi
595 2184 777 2272 cujusdam
801 2184 973 2251 malefacti
1001 2183 1246 2253 conscientiam

124 2291 157 2358 ei
183 2313 262 2358 cum
289 2291 510 2374 attribueret,
533 2290 726 2378 VergiliuS‚
752 2291 874 2377 fateor,
904 2292 1115 2383 sequebatur
1141 2289 1247 2381 Apol-

122 2399 255 2466 lonium
285 2399 379 2491 apud
408 2421 513 2490 quern
540 2398 664 2469 Medea
691 2420 728 2470 se
751 2400 864 2491 ipsam
886 2399 1002 2487 arguit
1024 2397 1130 2490 quod,
1166 2419 1246 2465 cum

122 2505 287 2579 Jasonem
307 2507 482 2596 adjuverit
501 2511 534 2573 et
554 2507 731 2591 amaverit,

386 2702 417 2763 οὑ
434 2700 507 2764 κατὰ
524 2700 641 2784 κόσμον,
658 2704 795 2788 ἀναιδήτῳ
809 2703 897 2778 ἰότητι

122 2891 285 2982 impulsa,
301 2893 444 2995 egerit⁸.
467 2890 536 2961 Sed
554 2894 589 2960 in
607 2893 675 2961 hoc
693 2893 737 2960 ab
756 2892 940 2984 Apollonio
955 2891 1101 2960 discedit
1114 2897 1243 2977 noster,

156 3133 179 3183 l.
197 3132 353 3184 Manifestius
367 3134 440 3184 etiam
464 3135 489 3184 in
514 3139 584 3184 serto
605 3134 724 3184 Aeneidis
745 3133 809 3183 libro
825 3133 949 3198 (leuati)
962 3148 1041 3184 novus
1055 3134 1180 3184 llleanimi
1193 3134 1246 3198 ejus
1325 3158 1331 3169 ·

88 3262 92 3267 ,
123 3205 224 3256 habitus
248 3206 385 3269 apparebit.
406 3206 453 3255 Ubi
469 3206 533 3255 enim
548 3206 652 3270 primum
665 3206 764 3255 Aeneae
778 3205 842 3255 Dido
856 3207 884 3254 lit
898 3206 984 3265 obvia,
1000 3206 1026 3254 in
1040 3207 1114 3255 breve
1128 3206 1246 3268 temporis

123 3277 231 3340 spatium
245 3277 364 3341 pristinae
387 3278 437 3327 irae
452 3279 520 3342 quasi
536 3277 658 3329 scintillae
671 3279 792 3342 quaedam
806 3277 925 3326 excitatae
940 3278 1081 3327 refoventur
1096 3277 1246 3341 (ardentem

121 3351 150 3398 el
168 3352 243 3398 torvo
259 3349 399 3413 tuentem);
415 3363 472 3398 mox
486 3363 546 3398 vero
562 3369 574 3394 «
590 3349 658 3413 fixos
674 3348 764 3398 oculos
775 3362 869 3397 aversa
883 3351 974 3399 tenens
988 3367 1000 3393 »
1020 3349 1137 3413 vultuque
1151 3347 1244 3412 rigido,

123 3433 181 3468 sese
193 3421 294 3484 corripit
309 3424 380 3484 alque
395 3440 407 3467 «
423 3421 533 3472 inimica
547 3439 559 3465 »
572 3421 598 3470 in
611 3434 697 3470 nemus
711 3420 809 3485 relugit.
825 3419 934 3470 Necdum
952 3421 1030 3485 magis
1048 3420 1074 3469 in
1092 3419 1245 3484 praecordiis

122 3495 183 3541 tuno
197 3491 314 3556 temporis
327 3496 438 3542 movetur
452 3493 494 3542 illa

334 3619 403 3662 quam
417 3608 437 3651 si
451 3607 508 3651 dura
518 3607 575 3652 silex
586 3612 624 3651 aut
636 3610 681 3650 stet
692 3605 804 3663 Marpesia
816 3611 900 3651 caules

121 3714 238 3765 Nonnihil
252 3717 419 3767 tantummodo
434 3717 495 3778 odii,
509 3716 600 3765 multus
615 3720 727 3778 superest
741 3719 903 3779 conlemptus.

153 3786 177 3837 2.
194 3784 235 3847 lV,
249 3787 288 3848 19,
303 3784 418 3848 ael-322,
435 3787 490 3850 547,
506 3787 561 3847 550,
576 3787 632 3848 552,
646 3787 702 3838 596.

154 3857 179 3907 3.
194 3859 302 3924 Arpos„
315 3858 356 3920 1v,
373 3859 429 3912 360.
446 3859 482 3911 Cl.
495 3858 624 3909 367-368:

529 3994 594 4028 κατα
608 3971 723 4029 δὀὗλοδν
740 3973 829 4040 αἶσχος
844 3975 920 4041 ἔχευα

465 4048 617 4113 θηλυτέραις.

122 4163 284 4214 Catullianam
304 4179 364 4214 vero
378 4165 512 4215 Ariadnam
524 4165 593 4214 nulla
611 4164 677 4214 subit
691 4163 854 4228 poenitentia,
869 4178 915 4214 nec
929 4165 1050 4215 tantillum
1068 4179 1094 4215 se
1109 4169 1177 4229 putat
1192 4179 1246 4215 esse

121 4239 224 4285 sontem.
242 4235 278 4285 Cl.
295 4235 384 4297 Coras,
400 4227 485 4286 litarde
498 4251 547 4286 sur
562 4234 676 4296 Catulle,
692 4251 717 4300 p.
732 4234 787 4286 324.
799 4261 831 4272 -
843 4236 931 4285 Differt
944 4237 1019 4300 igitur
1036 4238 1066 4286 ab
1081 4236 1247 4300 Apolloniane

122 4307 211 4358 Medea
230 4307 294 4357 Dido
317 4309 384 4373 quod
401 4309 502 4359 Medeae
518 4308 669 4369 conscientia
682 4308 722 4357 vel
741 4308 768 4356 in
782 4307 872 4356 amoris
884 4308 954 4356 initio
968 4308 1124 4357 vehementer
1139 4309 1244 4370 angitur,

122 4382 215 4427 maeret
229 4393 258 4427 ac
274 4380 442 4437 remordetur:
459 4379 540 4428 dillert
549 4384 628 4428 autern
639 4379 669 4427 ab
681 4379 789 4427 Ariadna
799 4391 870 4440 quam
881 4377 991 4426 Catullus
1006 4379 1169 4437 adumbravit,
1181 4379 1246 4442 quod

125 4449 250 4500 Ariadnae
264 4451 338 4500 animi
352 4465 475 4516 nunquam
494 4450 666 4517 interpellatur
678 4450 854 4514 tranquillitas.
866 4449 929 4499 Dido
944 4455 1034 4510 autem
1049 4450 1147 4515 quando
1165 4463 1246 4500 amare
