2940 5076
177 343 242 410 118
594 362 670 410 rans
695 361 877 410 rosrnaiou.

176 560 245 627 quo
262 537 367 604 verbo
385 537 590 627 imperiosae
609 538 749 623 reginae
770 535 933 627 superbia
950 531 1147 619 legentibus
1165 529 1293 597 utiliter

177 649 476 711 commemoratur.
499 643 543 710 Et
561 643 667 710 Turni
691 666 829 734 quoque
856 641 1099 708 «honorem»
1127 638 1293 704 animum-

177 774 244 842 que
269 751 448 819 offensioni
474 772 635 840 pronum,
665 757 764 818 cavet
782 749 907 816 Amata
935 770 977 814 ne
1003 769 1072 836 quo
1098 744 1206 812 verbo
1232 743 1295 810 im-

96 883 98 887 ·
176 858 381 950 prudentius
399 857 555 948 projecto
578 857 725 925 laedat‘.
751 856 941 945 Diligenter
970 855 1061 922 enim
1090 851 1234 920 attendit
1251 873 1295 918 ne

178 966 221 1032 de
255 987 394 1056 pugnae
428 966 520 1031 exitu
552 965 654 1031 nimis
684 987 758 1032 esse
792 965 908 1046 anxia,
941 967 1001 1029 aut
1033 960 1165 1029 strenui
1199 958 1295 1025 ducis

176 1073 295 1140 virtuti
322 1094 445 1162 parum
471 1071 579 1139 fidere
600 1071 769 1140 videatur.
793 1071 868 1138 Huc
887 1075 1006 1162 aperte
1026 1072 1160 1160 spectat
1178 1065 1297 1132 volun-

176 1180 264 1247 taria
282 1180 343 1246 illa
363 1178 586 1270 amplificatio
609 1198 616 1246 :

427 1374 545 1429 Desiste
559 1387 681 1428 manum
696 1375 882 1429 committere
900 1373 1013 1434 Teucris,

180 1569 248 1638 quo
273 1546 433 1614 Amatam
460 1547 567 1614 verbo
596 1546 685 1615 male
718 1545 856 1616 Servius
888 1547 1051 1614 observat
1080 1572 1096 1607 «
1126 1544 1171 1611 ab
1204 1542 1298 1610 omni

179 1677 259 1720 eum
278 1653 383 1737 bello,
406 1677 472 1721 non
490 1659 623 1721 tantum
644 1655 845 1741 asingulari
864 1653 1049 1721 certamine
1069 1651 1259 1718 dehortari.
1280 1677 1296 1712 »

179 1764 322 1828 Teucros
341 1760 419 1827 ideo
436 1761 497 1827 illa
516 1761 612 1845 dicit,
634 1784 676 1827 ne
698 1783 804 1828 unum
823 1761 981 1849 designet
1000 1761 1152 1827 Aeneam
1164 1758 1188 1824 ⁹.

223 1869 343 1959 Neque
363 1868 485 1934 eadem
511 1869 627 1935 Turno
654 1868 792 1951 suadet,
822 1870 908 1935 siout
934 1868 1051 1958 inepte
1075 1865 1236 1949 LatinuS,
1261 1867 1299 1930 ut

182 1975 247 2047 sibi
282 1976 349 2065 ipsi
384 1975 540 2042 consulat
581 1977 771 2065 victorique
811 1975 902 2042 hosti
936 1974 1119 2056 concedat,
1155 1993 1298 2039 uxorem

179 2083 322 2150 alteram
344 2083 379 2149 in
398 2082 496 2149 Latio
523 2084 676 2152 securius
704 2083 934 2174 quaesiturus.
956 2083 1081 2150 Amata
1105 2104 1188 2150 vero
1212 2079 1300 2146 nihil

180 2190 271 2258 aliud
289 2191 455 2277 juvenem
475 2192 597 2280 poscit,
614 2192 681 2258 nisi
700 2190 842 2258 desistat

511 2399 633 2439 manum
647 2387 819 2441 commitere
834 2385 969 2452 Teucris;

179 2567 263 2659 quid
292 2590 374 2634 vero
403 2573 523 2658 postea
551 2568 728 2634 facturus?
758 2567 849 2650 Quid
876 2569 1158 2658 exspectaturus?
1191 2565 1298 2633 Futu-

179 2698 298 2743 ramne
322 2676 399 2766 ipsa
418 2683 534 2764 sperat
555 2676 706 2766 aliquam
730 2698 845 2742 rerum
871 2675 1156 2769 conversionem?
1182 2675 1300 2742 Nescit

179 2783 305 2848 Amata
322 2782 488 2872 profecto.
511 2783 602 2849 Illud
621 2783 859 2850 tantummodo
879 2805 920 2848 eo
939 2782 1103 2872 temporis
1124 2786 1298 2848 momento

180 2893 287 2979 optat,
310 2893 347 2954 ut
366 2889 459 2956 vivat
477 2889 625 2959 Turnus.
652 2916 667 2951 α
691 2889 780 2971 Quia
798 2913 879 2957 vero
899 2890 974 2972 soit,
996 2928 1040 2938 -
1055 2895 1092 2956 ut
1116 2895 1195 2978 apte
1215 2888 1299 2956 dicit

183 2993 334 3077 Servius,
356 3034 400 3044 -
419 2996 532 3062 virum
550 2996 675 3063 fortem
694 3018 791 3063 suam
810 3004 956 3063 mortem
974 2996 1074 3063 facile
1097 3016 1199 3086 posse
1220 3017 1299 3063 oon-

180 3107 347 3185 temnere,
369 3102 520 3169 deterret
534 3125 613 3169 eum
628 3104 745 3173 dicens
765 3126 801 3170 se
818 3104 919 3171 simul
937 3105 1159 3186 morituram;
1183 3109 1220 3169 ut
1239 3104 1299 3192 qui

179 3209 372 3301 periculum
391 3231 459 3276 non
477 3210 585 3293 timet,
607 3209 770 3278 formidet
788 3210 954 3278 invidiam
976 3231 984 3278 :
1004 3239 1020 3272 »

368 3404 424 3467 Qui
437 3408 601 3469 tecumque
616 3411 740 3459 manent
753 3406 811 3459 isto
824 3407 986 3461 certamine
999 3419 1095 3472 casus,

368 3490 398 3539 et
412 3497 468 3551 me,
484 3485 589 3549 Turne,
607 3490 737 3540 manent.

182 3653 289 3723 Multo
309 3655 477 3742 majorem
496 3655 649 3745 profecto
672 3658 741 3723 vim
765 3656 881 3741 habet,
907 3657 1084 3748 multoque
1109 3659 1219 3744 magis
1249 3663 1301 3727 est

158 3759 227 3826 ·ad
265 3761 547 3851 persuadendum
585 3763 843 3831 accommodata
878 3765 1023 3832 Amatae
1061 3766 1297 3847 oratiuncula,

183 3889 287 3958 quam
305 3868 477 3954 longiores
498 3875 532 3936 et
544 3869 759 3938 subinsulsae
773 3872 863 3938 senis
878 3870 1014 3958 Latini?
1029 3871 1298 3941 dehortationes.

215 4136 237 4186 1.
252 4137 320 4185 Aen.
339 4136 393 4198 XIl,
406 4136 437 4186 60
449 4151 502 4200 sqq.
517 4163 547 4174 -
562 4137 599 4189 Ct.
612 4151 675 4200 quae
690 4137 825 4186 Coumorou
839 4137 864 4185 in
880 4137 944 4188 hone
958 4140 1037 4188 locum
1049 4140 1190 4193 edisseruit.

214 4207 237 4257 2.
253 4208 383 4271 Perperem
398 4209 472 4270 igitur
488 4209 581 4258 Teucro
605 4209 704 4270 conjicit
722 4210 882 4269 Persuasum
905 4223 985 4273 neque
1008 4211 1094 4259 melius
1116 4211 1226 4262 Bnuorsr·
1238 4213 1300 4265 Teit-

183 4278 235 4328 oris
250 4278 350 4327 honoris
367 4293 440 4328 eausa
452 4279 543 4328 dietum
558 4284 635 4342 putat.
649 4305 680 4315 -
694 4279 767 4329 Recte
783 4279 919 4330 Cormorou
934 4282 998 4330 idem
1017 4286 1076 4332 tuno
1092 4283 1172 4334 lacere
1189 4284 1299 4335 Latinum

164 4422 167 4435 Ι
184 4350 524 4472 αηίθωαὲνθηὲἑῇιὶἕῖοαεᾳυθ
538 4364 626 4400 nomen
640 4350 670 4401 ab
685 4353 795 4401 oratioue
810 4366 853 4400 sua
867 4353 979 4402 consulto
993 4368 1084 4407 arcere.

232 4457 238 4471 .
277 4435 317 4474 eo.
380 4457 387 4484 ,
432 4458 438 4472 .
