2940 5076
237 343 300 409 138
651 360 728 407 rias
751 360 933 408 rosrnmoa.

231 538 324 628 facit)
345 578 390 587 -
408 542 540 604 certum
560 535 604 603 ad
625 536 765 603 exitium
785 535 1025 626 proficiscitur.
1048 533 1124 601 Non
1142 533 1192 601 ita
1211 555 1354 625 prorsus

234 645 374 712 Hectori
402 643 604 735 placuisset,
626 644 686 733 qui
710 644 842 732 praelia
860 644 1127 724 instauraturus,
1151 641 1194 709 de
1215 641 1354 709 casibus

233 773 375 819 uxorem
395 751 569 833 etlilium,
592 750 621 817 si
640 750 782 840 perierit
800 751 892 840 ipse,
914 748 1151 833 manentibuS,
1171 754 1355 840 tantopere

232 860 432 947 angitur¹...
454 858 530 925 Non
549 858 607 925 ille
627 858 780 948 prolecto
799 858 940 924 incensa
954 856 1060 945 Troja
1073 856 1196 947 procul
1216 879 1236 923 a
1255 857 1356 925 relic·

231 967 275 1032 tis
304 967 375 1032 suis
400 991 416 1027 «
443 971 595 1032 extrema
619 965 718 1055 sequi
748 993 764 1026 »
793 966 984 1031 maluisset.
1008 1002 1052 1013 —·
1074 963 1195 1030 Differt
1223 965 1259 1031 in
1288 963 1356 1031 hoc

232 1072 276 1140 ab
304 1073 487 1140 Homerico
506 1072 770 1140 Andromachae
791 1072 938 1161 conjuge
958 1071 1179 1158 Vergilianus
1200 1070 1355 1140 Creusae

232 1180 391 1269 conjunx.

275 1288 394 1378 Neque
413 1287 677 1355 Andromachae
698 1285 861 1355 Creusam
880 1289 991 1378 ipsam
1012 1309 1086 1355 esse
1101 1287 1261 1369 similem,
1281 1288 1355 1354 sive

230 1396 361 1487 potius,
383 1400 422 1461 ut
440 1396 486 1461 ita
506 1395 634 1479 dicam,
658 1417 793 1486 parem,
815 1396 873 1462 vel
898 1395 1012 1486 prima
1035 1394 1110 1481 ejus
1132 1395 1241 1462 verba
1265 1395 1354 1462 mire

231 1502 410 1588 detegunt.

276 1609 450 1691 Quantum
470 1610 560 1676 enim
581 1608 740 1676 dissonae
756 1615 834 1677 sunt
853 1610 898 1676 ab
918 1609 1181 1676 Andromachae
1200 1609 1235 1675 in
1255 1614 1354 1676 sexto

230 1716 349 1783 Iliadis
367 1716 456 1783 libro
481 1716 792 1797 adhortationibus,
819 1715 967 1784 Creusae
992 1717 1026 1782 in
1052 1715 1203 1783 secundo
1227 1715 1354 1783 Aenei-

230 1823 284 1890 dis
303 1823 348 1890 ad
373 1824 533 1890 maritum
559 1823 846 1914 supplicationes!
869 1822 945 1890 Scio
971 1823 1132 1913 equidem
1151 1824 1186 1890 in
1205 1823 1265 1889 illa
1285 1824 1354 1890 Ae·

230 1953 315 1997 neae
334 1931 540 1997 narrationis
565 1936 662 2020 parte
683 1929 789 1996 effuso
815 1931 850 1996 in
875 1930 997 2016 longas
1022 1931 1181 2020 querelas
1202 1933 1352 1998 maerori

230 2060 298 2104 non
323 2059 398 2105 esse
424 2037 539 2103 locum
566 2059 680 2127 neque
705 2033 841 2127 tempus
862 2077 904 2086 -
924 2059 1123 2127 quanquam
1146 2038 1251 2126 paulo
1271 2043 1351 2105 ante

229 2145 322 2210 idem
351 2145 485 2211 Aeneas
513 2144 693 2211 verbosius
721 2145 874 2210 narravit
903 2167 988 2233 quas
1022 2145 1097 2233 ipse
1126 2144 1168 2211 de
1197 2145 1352 2212 Anchise

231 2251 388 2341 querelas
407 2251 547 2332 fuderit,
566 2273 644 2318 cum
658 2257 774 2318 tamen
794 2251 902 2317 cuivis
917 2250 1090 2319 difficilius
1106 2252 1150 2318 sit
1165 2252 1351 2342 minusque

230 2357 356 2425 decens
377 2358 483 2424 verba
501 2358 630 2424 reterre
650 2380 712 2424 sua
732 2380 836 2447 quam
851 2357 974 2424 aliene.
991 2357 1066 2423 Non
1081 2359 1187 2444 igitur
1205 2381 1351 2449 possum

230 2487 299 2532 non
324 2465 518 2531 existimare
538 2464 784 2554 aperitissime
803 2469 917 2554 poeta,
945 2487 1009 2554 per
1032 2465 1130 2531 istius
1151 2467 1349 2533 oratiuncu-

228 2572 294 2648 lae,
317 2577 479 2661 quattuor
497 2571 656 2637 versibus
675 2576 866 2652 contentae,
890 2571 1056 2661 exquisite
1072 2571 1205 2639 delecta
1225 2573 1346 2656 verba,

229 2679 328 2768 quasi
352 2678 491 2768 oblique
521 2678 707 2764 significari
731 2678 936 2767 quantulum
957 2678 1085 2746 Creusa
1104 2680 1140 2744 in
1159 2681 1275 2747 mariti
1296 2681 1350 2747 sui

229 2785 332 2852 domo
351 2785 529 2868 honorem,
547 2786 751 2875 quantulum
772 2786 807 2850 in
831 2785 988 2872 ejusdem
1008 2807 1125 2852 amore
1154 2788 1269 2859 locum
1289 2787 1351 2855 ob-

229 2892 398 2960 tineat2...

369 3087 399 3138 Si
414 3086 563 3151 periturus
577 3085 652 3147 abis,
668 3089 698 3136 et
710 3097 764 3136 nos
778 3098 850 3151 rape
862 3087 894 3138 in
908 3088 1007 3140 omnia
1022 3091 1119 3158 tecum
1132 3103 1138 3151 ;

368 3167 415 3218 sin
429 3167 559 3232 aliquam
574 3170 715 3231 expertus
730 3166 857 3230 sumptis
873 3181 957 3233 spem
971 3169 1057 3233 ponis
1071 3171 1103 3221 in
1117 3169 1218 3233 armis,

367 3246 444 3299 hanc
459 3246 584 3312 primam
599 3251 696 3298 tutare
710 3244 841 3299 domum.

228 3415 349 3483 Nonne
386 3416 492 3482 habet
521 3414 696 3505 quandam
730 3418 918 3485 siccitatem
954 3418 1020 3485 hoc
1054 3378 1072 3480 ¹«
1104 3425 1350 3506 argumentum
1387 3443 1390 3448 ·

232 3525 363 3613 biceps,
388 3549 403 3586 ν
426 3522 520 3614 quod
543 3528 695 3590 ceterum
719 3522 853 3594 Aeneas
877 3525 1087 3613 redarguere
1110 3549 1180 3593 non
1202 3528 1351 3616 possetl

263 3772 285 3823 l.
303 3770 393 3830 iliad„
408 3771 449 3832 Vl,
463 3769 519 3833 lto,
533 3769 580 3819 450
594 3785 630 3834 sq.
649 3785 655 3819 :

483 3868 556 3920 ’Ah'
571 3868 602 3919 cll
613 3887 655 3933 μοι
670 3869 765 3932 Τρώων
779 3872 871 3920 τόσσον
887 3868 954 3932 μέλει
968 3867 1042 3933 ἄλγος
1055 3866 1155 3920 ὀπίσσω

478 3943 530 3992 οὔτ’
545 3936 620 4002 αὐτῆς
636 3939 756 4003 Ἑκάὸης,
772 3939 828 3991 ἄντε
842 3938 969 4004 Πριάμοιο
985 3939 1091 3998 ἄνακτος

480 4013 537 4063 elice
548 4010 705 4075 κασιγνήτων
708 4047 757 4064 .....

479 4083 568 4134 ”οσσον
583 4084 633 4134 σεῖ’
643 4083 684 4134 ὅτε
697 4083 739 4134 κέν
754 4102 788 4141 τις
808 4083 923 4147 Ἀχαιῶν
934 4083 1124 4148 χαλκοχιτὸνων

480 4149 651 4220 δακρύσεσσαν
667 4154 787 4219 ἄγηται...

308 4251 386 4311 leid„
401 4250 446 4301 tet
463 4252 559 4310 εΠόσις
573 4246 685 4315 δ’ἓλέησε
696 4251 789 4316 νόησας

480 4323 562 4389 χειρί
577 4323 607 4374 τέ
623 4342 670 4388 μιν
685 4324 859 4388 κατέρεξεν,
875 4325 932 4382 'troc
948 4325 1047 4390 τ’ἕφατ’
1062 4323 1265 4382 ἔκτόνόμαζεν.

263 4422 285 4472 2.
303 4424 372 4471 Aeo.
389 4422 418 4483 ll,
434 4420 480 4470 673
495 4436 548 4484 sqq.
