2940 5076
111 762 116 795 t

552 376 650 422 CAPUT
675 375 826 422 TERTIUM.

133 551 169 617 in
189 550 262 616 istis
282 549 407 617 deinde
427 550 641 619 manifestius
664 574 671 619 :

600 802 645 853 En
660 798 763 851 dextra
778 797 909 862 fidesque

227 893 314 946 quem
328 893 429 934 secum
441 881 544 934 iliacos
560 880 646 933 aiunt
661 883 777 946 portare
793 881 926 943 Penates,

226 975 315 1027 quem
333 962 462 1016 subiisse
476 961 610 1015 humeris
624 961 791 1014 confectum
805 963 902 1012 aetate
914 960 1074 1024 parentem,
1092 961 1148 1009 etc.

135 1182 226 1265 Quid
243 1186 297 1253 bis
313 1186 428 1253 verbis
448 1186 672 1275 significatur,
695 1187 762 1253 nisi
781 1185 951 1252 Didonem
970 1183 1145 1274 putavisse
1164 1181 1256 1248 illius

133 1292 248 1362 herois
267 1295 419 1382 ingenio,
442 1318 546 1385 quem
566 1294 712 1364 Veneris
731 1294 841 1360 filium
861 1292 1057 1360 dictitarent
1080 1296 1114 1358 et
1131 1289 1256 1379 dequo

133 1405 205 1469 tam
232 1401 424 1470 laudabilia
458 1408 695 1485 narrarentur,
727 1401 830 1469 molle
864 1423 903 1468 ac
936 1406 1093 1467 tenerum
1125 1396 1257 1486 aliquid

133 1508 262 1592 inesse;
280 1509 509 1602 bellicamque
522 1511 626 1594 illius,
643 1509 699 1576 vel
711 1509 798 1576 nulli
811 1511 992 1599 imparem,
1006 1505 1254 1585 fortitudinem,

134 1638 203 1683 non
225 1621 342 1684 tamen
361 1617 494 1684 foedari
514 1617 703 1685 inhumana
722 1618 787 1683 ista
805 1617 986 1706 ferreaque
1006 1635 1148 1680 suorum
1167 1634 1258 1680 com-

134 1723 330 1790 militonum
345 1724 534 1792 duritia‘l...
556 1725 644 1792 Ecce
670 1729 786 1791 autem
809 1724 931 1790 ceteris
947 1742 1025 1789 eum
1040 1721 1143 1812 plane
1166 1719 1258 1786 simi-

133 1831 203 1897 lem
231 1831 425 1922 comperit:
452 1832 581 1922 quippe
610 1833 670 1922 qui
697 1854 766 1898 non
789 1830 892 1898 modo
921 1828 1161 1895 devotissimae
1191 1827 1257 1893 sibi

132 1938 286 2005 mulieris
306 1960 460 2006 amorem
477 1940 658 2029 promissis
677 1938 793 2026 regnis
813 1944 1023 2028 anteponere
1041 1958 1109 2002 non
1128 1934 1253 2017 valeat,

133 2044 373 2136 Didonemque
387 2067 498 2130 suam,
516 2047 741 2116 reviviscente
762 2046 876 2113 subito
892 2044 1091 2127 ambitione,
1106 2041 1254 2125 deserat,

134 2152 196 2225 sed
215 2158 249 2222 et
268 2176 379 2245 aequo
399 2154 513 2222 animo
528 2159 563 2223 et
583 2182 599 2217 a
622 2177 729 2244 ovans
751 2182 767 2217 a
788 2153 950 2220 deserere
970 2151 1127 2219 videatur
1148 2172 1156 2220 ε

226 2415 303 2466 Num
318 2415 390 2468 lietu
406 2413 553 2480 ingemuit
567 2413 691 2464 nostro?
705 2415 781 2466 Num
795 2409 909 2463 lumina
923 2409 1027 2462 flexiti

226 2494 303 2546 Num
317 2493 454 2547 lacrimas
470 2495 568 2546 victus
582 2493 664 2545 dedit
676 2495 727 2545 aut
741 2492 901 2555 miseratus
917 2494 1067 2543 amantem
1081 2491 1148 2542 esti

133 2724 212 2793 Jam
230 2726 338 2813 igitur
353 2728 527 2795 evanescit
546 2750 587 2794 cx
607 2726 715 2795 oculis
737 2725 811 2814 ejus
831 2724 975 2791 eximius
989 2723 1047 2790 ille
1067 2745 1106 2790 ac
1124 2721 1256 2813 periec-

132 2838 189 2900 tus
212 2832 327 2918 heros,
350 2856 454 2925 quem
474 2835 560 2902 raris
585 2838 619 2902 et
646 2831 880 2925 peculiaribus
910 2832 1014 2899 animi
1046 2829 1184 2897 dotibus
1208 2831 1256 2897 vi·

133 2962 191 3007 ros
204 2963 323 3008 omnes
340 2943 435 3008 omni
454 2942 557 3010 modo
577 2941 840 3009 antecellentem
858 2939 924 3006 sibi
936 2939 1024 3006 Dido
1044 2937 1185 3005 amabili
1204 2960 1257 3005 er-

133 3070 212 3115 rore
231 3049 396 3135 fingebat.
425 3048 560 3118 Corruit
583 3049 671 3117 falsa
695 3049 755 3115 illa
772 3049 916 3138 species,
938 3069 1007 3138 qua
1031 3047 1151 3113 delusa
1168 3046 1252 3129 fuit;

134 3161 169 3222 et
181 3156 287 3223 fuisse
303 3157 409 3240 dolet,
431 3162 464 3224 et
478 3180 569 3225 nunc
589 3157 794 3247 resipiscens
812 3155 970 3222 mendaci
985 3175 1152 3246 personae
1171 3155 1256 3220 iras-

132 3263 232 3346 citur,
246 3262 478 3355 stultitiaeque
488 3266 565 3356 ipsa
576 3287 671 3353 suae,
685 3270 787 3354 rupta
797 3263 1032 3345 fascinatione,
1046 3263 1252 3331 succenset¹.
1283 3256 1286 3261 ’

65 3440 72 3449 ,
157 3445 159 3449 ,
178 3367 260 3437 lude
279 3370 318 3437 fit
337 3375 374 3437 ut
394 3372 576 3439 «abolitus
598 3400 614 3434 »
633 3394 745 3462 nuper
764 3394 784 3438 a
801 3370 970 3462 Cupidine
992 3368 1168 3458 Sychaeus
1180 3367 1255 3455 jam

131 3477 168 3545 in
187 3477 330 3545 Didonis
350 3479 465 3546 animo
485 3479 585 3570 quasi
604 3484 790 3568 resurgat:

320 3730 401 3783 Tunc
416 3728 550 3782 exaudiri
565 3741 652 3783 voces
666 3733 696 3782 et
711 3729 802 3783 verba
815 3729 950 3782 vocantis

319 3811 382 3863 visa
398 3809 464 3876 viri,
481 3821 540 3864 nox
555 3823 624 3862 cum
639 3815 732 3863 terras
748 3811 872 3864 obscura
887 3813 1026 3863 teneret...

133 4031 253 4125 Neque
278 4035 337 4102 ille
361 4036 513 4122 resurgit
540 4040 575 4102 et
603 4039 705 4123 urget
731 4035 873 4102 admissi
902 4035 946 4103 ab
973 4056 1078 4103 uxore
1109 4031 1254 4126 perjurii

165 4371 188 4424 1.
205 4372 241 4425 De
256 4374 345 4426 tronto
360 4389 422 4440 quae
436 4374 540 4439 Didonis
554 4375 682 4440 questibus
699 4374 773 4436 inest,
790 4375 822 4429 cl.
838 4373 1095 4440 lV,3‘16-381‚(quae
1114 4388 1153 4426 vv.
1171 4373 1217 4423 345
1231 4377 1255 4423 et

133 4445 180 4496 356
196 4449 370 4512 respondent);
385 4447 445 4507 427,
460 4446 516 4497 ⁴32.

1108 4535 1120 4576 7
