2940 5076
599 365 696 411 curus
722 368 853 413 suxruu.
1225 345 1289 410 147

213 538 305 605 Illud
324 543 438 604 autem
459 537 523 604 sibi
544 542 765 630 proposuisse
787 541 960 628 Vergilius
980 540 1065 606 mihi
1083 540 1232 623 videtur,
1254 543 1292 607 ut

169 648 204 712 in
224 646 368 713 Lavinia
386 646 594 735 puellarum,
617 648 737 737 quales
757 649 793 716 in
811 649 926 739 priseo
946 670 1030 715 aevo
1049 647 1155 714 fuisse
1175 647 1291 714 trade-

169 760 300 836 rentur,
321 775 435 821 mores
454 760 742 844 repraesentaret,

215 861 327 943 Quam
347 863 438 928 enim
456 862 560 929 fuerit
579 864 674 953 apud
693 865 852 955 antiquos
871 905 916 915 -
931 868 1012 956 (non
1032 863 1194 954 aequales
1216 863 1291 931 dico

171 970 334 1058 Vergilii,
367 970 427 1035 sed
459 971 590 1060 priseos
616 973 809 1062 priscorum
836 979 1031 1063 temporum
1055 970 1223 1060 homiues)
1248 1010 1291 1020 -

77 1128 79 1133 μ
171 1078 310 1145 humilis
327 1077 545 1167 obscuraque
561 1079 705 1166 virginis
717 1080 798 1163 vita,
814 1081 895 1147 satis
911 1085 1043 1148 uotum.
1057 1077 1193 1169 Quippe
1204 1101 1292 1167 quae

170 1185 361 1276 postposita
387 1185 584 1268 fratribus¹,
607 1209 627 1252 a
653 1188 857 1276 parentibus
889 1188 1058 1275 neglecta,
1089 1186 1185 1253 nullo
1213 1187 1289 1253 loco

170 1291 427 1375 numeraretur}
450 1315 514 1381 pro
533 1293 641 1359 nihilo
661 1294 819 1361 voluntas
839 1317 878 1362 ac
898 1294 1013 1361 studia
1033 1295 1109 1383 ejus
1133 1294 1213 1361 duci
1233 1316 1290 1361 so-

171 1400 300 1480 lebant,
322 1399 378 1466 vel
406 1401 520 1488 potius
544 1401 807 1486 ignorabantur,
830 1424 893 1468 nee
921 1402 993 1468 ulla
1017 1403 1178 1491 cuiquam
1207 1424 1290 1468 cura

172 1509 260 1587 vilis,
283 1513 320 1573 ut
338 1509 386 1574 ita
406 1507 531 1588 dicam,
553 1508 700 1591 animae,
722 1509 787 1574 suit
801 1510 824 1576 ².

216 1614 335 1681 Talem
354 1614 516 1680 nimirum
541 1636 616 1681 esse
637 1615 876 1683 condicionem
904 1616 1067 1683 Laviniae
1091 1615 1291 1703 Vergilius⁸

173 1722 238 1789 sibi
257 1721 364 1803 finxit,
386 1722 487 1788 nobis
508 1722 667 1789 ostendit.

217 1828 291 1909 Quo
312 1829 403 1894 enim
422 1828 499 1895 loco
518 1829 578 1895 illa
595 1834 674 1896 ante
695 1831 813 1897 oeulos
833 1836 969 1898 nostros
991 1831 1144 1920 primum
1173 1829 1292 1899 statui-

172 1941 240 2017 tur,
281 1935 485 2002 sacrificanti
519 1937 609 2026 patri
641 1964 657 1998 a
687 1938 721 2003 in
751 1938 866 2004 medio
896 1937 1026 2004 honore
1057 1937 1168 2003 Deum
1194 1964 1210 1999 u
1240 1958 1293 2003 sa·

173 2066 231 2110 cra
263 2044 363 2133 quasi
394 2043 520 2109 aneilla
553 2044 666 2110 adstat
682 2044 703 2110 ⁴.
735 2045 867 2111 Deinde
901 2067 978 2111 eam
1009 2067 1030 2111 a
1057 2044 1292 2111 debacchante

172 2155 281 2217 matre
301 2156 495 2240 correptam
511 2155 544 2216 et
564 2150 766 2241 abreptam“
781 2146 901 2218 inertis
915 2151 1103 2217 infantulae
1123 2152 1231 2217 instar
1244 2151 1293 2216 vi·

174 2259 307 2324 demus.
329 2257 455 2324 Postea
474 2281 625 2348 quoquo,
648 2259 786 2348 quando
813 2281 891 2326 cum
911 2258 1042 2326 Latinis
1062 2259 1227 2325 matronis
1248 2257 1292 2325 ad

175 2365 305 2455 templa
324 2365 481 2431 sollemni
501 2387 630 2455 pompa
650 2366 816 2455 procedit,
838 2366 1030 2457 pedisequa
1053 2369 1199 2431 matrem
1226 2364 1293 2431 La-

174 2474 267 2539 vinia
284 2474 496 2539 comitaturl.
524 2473 670 2563 Semper
692 2475 799 2560 igitur
818 2479 851 2540 et
874 2474 1004 2564 ubique
1027 2474 1110 2556 suis,
1132 2473 1188 2540 vel
1207 2473 1295 2541 desi·

175 2580 362 2670 pientibus,
385 2585 444 2647 aut
463 2580 661 2664 famulatur,
683 2586 742 2648 aut
770 2581 888 2648 obedit
902 2582 925 2649 ⁷.
951 2580 1022 2647 Nec
1050 2602 1204 2670 uuquam
1231 2603 1295 2647 neo

207 2775 229 2826 1.
246 2775 353 2824 Fratrem
368 2775 483 2824 habuisse
498 2776 623 2826 Lavinium
638 2777 761 2840 Vergilius
777 2781 894 2826 memorat
913 2792 1000 2836 uuum,
1014 2802 1045 2815 -
1061 2777 1125 2825 duos
1139 2777 1239 2826 tradunt
1250 2791 1295 2826 an-

174 2847 266 2909 tiquae,
281 2861 295 2895 a
310 2846 397 2895 Servio
413 2847 525 2907 traditae,
541 2848 646 2896 tabulae.
663 2847 717 2896 Vid.
729 2849 793 2897 Aen.
803 2848 856 2908 Xll,
870 2847 954 2897 50-51.
968 2848 1077 2897 otAuou.
1093 2847 1159 2912 apud
1173 2847 1296 2911 Servium,
1368 2866 1371 2874 ·

176 2919 193 2968 i.
208 2918 232 2967 b.
249 2918 266 2967 l.

207 2989 231 3039 2.
245 2988 282 3040 cf.
299 2986 366 3049 Gmu,
380 2988 519 3038 condition
531 2988 564 3039 de
581 2988 608 3039 la
621 2993 716 3055 femme
733 2990 800 3040 dans
815 2990 839 3040 le
853 2990 925 3039 droit
937 2991 1041 3050 ancien,
1056 3005 1081 3053 p.
1096 2991 1128 3040 75
1144 3008 1150 3041 ε
1167 2992 1235 3061 «Gon
1250 3005 1296 3040 en-

174 3060 287 3125 seipnuit
302 3061 328 3123 (rt
349 3060 377 3109 lo
393 3062 475 3125 jeuue
495 3060 559 3125 fille)
575 3064 620 3112 d'es
633 3078 681 3112 sou
693 3064 805 3126 enfouce
820 3083 831 3108 α
850 3065 913 3112 ctae
931 3062 1031 3127 parler,
1055 3062 1205 3113 u’enteudre
1221 3067 1246 3112 et
1266 3078 1298 3112 ne

176 3134 232 3181 voir
248 3147 298 3197 que
313 3132 337 3182 le
350 3134 434 3182 moins
445 3133 565 3197 possible.
586 3154 599 3179 »
616 3154 628 3180 u
645 3135 712 3193 ὅπως
724 3133 756 3194 ὡς
774 3131 895 3201 ἐλάχιστα
916 3134 960 3198 μὲν
979 3133 1082 3199 ὄψοιτο,
1104 3131 1225 3202 ἐλάχιστα
1243 3130 1298 3188 δ’ἄ-

176 3205 305 3268 acteone,
319 3201 438 3270 ἐλάχιστα
451 3206 567 3270 δ’ἕροιτο.
584 3207 644 3257 xes.
663 3225 674 3250 u

208 3276 231 3325 3.
249 3277 353 3325 Tametsi
369 3291 469 3324 versum
490 3278 585 3340 septimi
603 3279 659 3327 libri
681 3278 792 3338 <u>z
807 3298 818 3323 ι(
835 3278 894 3326 Sola
912 3277 1009 3326 domum
1032 3281 1056 3326 et
1080 3281 1160 3327 tuntas
1182 3279 1297 3328 servabat

177 3349 228 3396 tilia
242 3347 314 3396 sedes
331 3367 342 3391 u
359 3348 437 3395 miuus
454 3353 519 3396 recte
535 3349 616 3397 Herna
633 3350 817 3412 iuterpretatur,
838 3349 906 3412 quasi
925 3349 956 3397 de
977 3349 1100 3397 umbratili
1117 3349 1231 3398 Lauiniae
1246 3350 1296 3398 vita

177 3419 527 3468 tautummodoiuhocversu
544 3425 639 3485 agatur,
666 3426 747 3470 tamen
772 3421 836 3469 haud
859 3421 978 3469 immerito
1000 3421 1088 3482 conjici
1114 3425 1193 3483 potest
1213 3421 1297 3484 Vergi-

177 3491 266 3539 lianum
282 3491 407 3539 Lauiniam
422 3489 600 3544 κατάκλὲιστον
613 3507 685 3556 quam
700 3493 830 3559 plurimum
845 3493 931 3542 luisse.
947 3492 1014 3541 Beue
1029 3492 1165 3542 Coumoron
1178 3493 1195 3542 i.
1208 3493 1233 3542 b.
1249 3507 1272 3542 v.
1291 3508 1297 3542 τ

179 3582 191 3608 «
208 3562 328 3611 Servabat
343 3563 448 3622 domum,
465 3564 602 3614 remained
617 3567 644 3614 in
659 3566 703 3614 tbe
714 3565 801 3624 bouso,
819 3580 848 3614 os
863 3567 890 3613 in
905 3565 947 3626 VI,
962 3564 1009 3614 402
1027 3579 1033 3613 :

431 3671 498 3714 Costa
512 3671 563 3715 licet
576 3673 648 3726 patrui
662 3679 737 3716 servet
748 3673 881 3728 Proserpina
896 3673 971 3716 limen.

178 3769 241 3818 uua
256 3784 272 3818 u
285 3769 392 3832 further
412 3772 501 3820 notior
524 3772 557 3833 os
575 3773 726 3836 preseroinp
746 3772 789 3821 tbe
807 3772 912 3836 family.
931 3791 942 3817 u
964 3772 1129 3821 Posteriorem
1148 3777 1227 3821 tamen
1249 3786 1303 3820 seu·

179 3856 231 3888 sum
247 3842 403 3903 praecipuum
419 3857 473 3891 esse
491 3847 557 3905 putu.
573 3844 610 3891 eui
628 3844 801 3906 superadditur
815 3843 885 3904 illud,
904 3844 968 3893 sicut
983 3858 999 3892 α
1013 3843 1121 3908 further
1137 3843 1238 3902 action,
1255 3843 1302 3891 La·

179 3912 270 3959 vinium
285 3927 338 3960 esse
353 3912 521 3962 dornisedum.
539 3914 574 3964 Cf.
591 3929 674 3976 supra,
688 3930 711 3976 p.
726 3914 780 3974 110,
796 3930 820 3961 n.
837 3915 860 3965 2.

212 3983 232 4030 t.
250 3982 312 4033 Aen.
332 3983 381 4042 Vll,
397 3984 425 4032 u
441 4000 493 4048 sqq.
511 4001 517 4033 :
535 4004 546 4029 u
563 3986 674 4034 Lauinio
688 3989 742 4034 sert
755 4001 802 4034 sou
815 3986 909 4048 pared
930 3983 1023 4035 l'ootel
1041 4000 1137 4034 comme
1159 3985 1186 4034 to
1205 3983 1304 4034 vestale

180 4058 234 4104 sert
248 4054 272 4102 te
284 4057 395 4118 pontife.
413 4073 426 4101 u
442 4057 558 4116 Boissrsn,
575 4058 657 4107 Nouo.
674 4059 792 4106 Promea.
810 4056 936 4120 urcteot,
952 4072 977 4120 p.
997 4056 1052 4125 358,

212 4128 234 4174 5.
251 4128 326 4184 Aen..
345 4127 392 4186 Vll,
408 4128 455 4176 387
469 4143 523 4190 sqq.

212 4197 236 4320 i.
252 4198 548 4331 litiilduiri’nidlleiiidicat
563 4273 696 4321 modestam
711 4287 739 4320 ac
755 4275 863 4334 pacatam
879 4273 994 4322 Lauiniae
1009 4271 1117 4320 indolem
1134 4272 1195 4320 male
1212 4272 1305 4320 servari

182 4342 207 4389 in
222 4341 284 4389 Aen.
300 4340 351 4400 Vll,
364 4340 478 4392 389-391.
497 4341 575 4406 Negat
591 4343 612 4394 J.
635 4343 720 4392 Hunni
740 4343 888 4405 (Aeacidae,
905 4348 922 4394 t.
937 4344 977 4404 lll,
994 4359 1019 4407 p.
1037 4342 1153 4405 551-552)
1167 4356 1247 4406 neque
1261 4343 1305 4391 im·

182 4413 399 4550 pppirptqpppirpuisbi
413 4414 508 4476 rapitur
521 4428 535 4462 a
550 4419 625 4464 matre
640 4415 748 4478 Lavinia,
765 4429 843 4480 neque
857 4430 910 4466 eam
924 4416 1024 4481 proprio
1045 4418 1111 4465 motu
1131 4416 1242 4479 agentem
1264 4413 1304 4464 bio
