<?xml version="1.0" encoding="UTF-8"?>
<!DOCTYPE html PUBLIC "-//W3C//DTD XHTML 1.0 Transitional//EN"
    "http://www.w3.org/TR/xhtml1/DTD/xhtml1-transitional.dtd">
<html xmlns="http://www.w3.org/1999/xhtml" xml:lang="en" lang="en">
 <head>
  <title>
</title>
<meta http-equiv="Content-Type" content="text/html;charset=utf-8" />
  <meta name='ocr-system' content='tesseract 3.04.00' />
  <meta name='ocr-capabilities' content='ocr_page ocr_carea ocr_par ocr_line ocrx_word'/>
</head>
<body>
  <div class='ocr_page' id='page_1' title='image "./devergilioininf01rbgoog_0168.png"; bbox 0 0 2940 5076; ppageno 0'>
   <div class='ocr_carea' id='block_1_1' title="bbox 607 353 1295 427">
    <p class='ocr_par' dir='ltr' id='par_1_1' title="bbox 607 353 1295 427">
     <span class='ocr_line' id='line_1_1' title="bbox 607 353 1295 427; baseline -0.009 -3"><span class='ocrx_word' id='word_1_1' title='bbox 607 379 703 427; x_wconf 77' lang='lat' dir='ltr'>curua</span> <span class='ocrx_word' id='word_1_2' title='bbox 729 378 862 425; x_wconf 78' lang='lat' dir='ltr'>suxrou.</span> <span class='ocrx_word' id='word_1_3' title='bbox 1233 353 1295 418; x_wconf 71' lang='lat'>145</span> 
     </span>
    </p>
   </div>
   <div class='ocr_carea' id='block_1_2' title="bbox 115 547 1334 3326">
    <p class='ocr_par' dir='ltr' id='par_1_2' title="bbox 115 547 1298 1371">
     <span class='ocr_line' id='line_1_2' title="bbox 171 547 1294 642; baseline -0.004 -21"><span class='ocrx_word' id='word_1_4' title='bbox 171 553 272 621; x_wconf 91' lang='lat' dir='ltr'>nobis</span> <span class='ocrx_word' id='word_1_5' title='bbox 306 552 374 642; x_wconf 90' lang='lat' dir='ltr'>ipsi</span> <span class='ocrx_word' id='word_1_6' title='bbox 405 550 577 638; x_wconf 88' lang='lat' dir='ltr'>fingamus</span> <span class='ocrx_word' id='word_1_7' title='bbox 618 552 819 620; x_wconf 88' lang='lat' dir='ltr'>Latinorum</span> <span class='ocrx_word' id='word_1_8' title='bbox 857 551 949 640; x_wconf 86' lang='lat' dir='ltr'>regis</span> <span class='ocrx_word' id='word_1_9' title='bbox 982 549 1088 616; x_wconf 90' lang='lat' dir='ltr'>filiam</span> <span class='ocrx_word' id='word_1_10' title='bbox 1131 547 1294 617; x_wconf 81' lang='lat' dir='ltr'><strong>Camillae</strong></span> 
     </span>
     <span class='ocr_line' id='line_1_3' title="bbox 170 657 1296 746; baseline -0.004 -20"><span class='ocrx_word' id='word_1_11' title='bbox 170 661 280 726; x_wconf 87' lang='lat' dir='ltr'>instar</span> <span class='ocrx_word' id='word_1_12' title='bbox 310 659 532 741; x_wconf 76' lang='lat' dir='ltr'>militantem,</span> <span class='ocrx_word' id='word_1_13' title='bbox 573 659 622 725; x_wconf 88' lang='lat' dir='ltr'>ita</span> <span class='ocrx_word' id='word_1_14' title='bbox 657 665 695 725; x_wconf 91' lang='lat' dir='ltr'>ut</span> <span class='ocrx_word' id='word_1_15' title='bbox 733 664 766 726; x_wconf 87' lang='lat' dir='ltr'>et</span> <span class='ocrx_word' id='word_1_16' title='bbox 803 659 944 746; x_wconf 87' lang='lat' dir='ltr'>Trojani</span> <span class='ocrx_word' id='word_1_17' title='bbox 983 658 1118 724; x_wconf 90' lang='lat' dir='ltr'>futurae</span> <span class='ocrx_word' id='word_1_18' title='bbox 1155 657 1296 743; x_wconf 89' lang='lat' dir='ltr'>reginae</span> 
     </span>
     <span class='ocr_line' id='line_1_4' title="bbox 172 764 1295 856; baseline -0.004 -22"><span class='ocrx_word' id='word_1_19' title='bbox 172 788 268 851; x_wconf 89' lang='lat' dir='ltr'>suae,</span> <span class='ocrx_word' id='word_1_20' title='bbox 290 772 324 833; x_wconf 85' lang='lat' dir='ltr'>et</span> <span class='ocrx_word' id='word_1_21' title='bbox 342 766 476 833; x_wconf 85' lang='lat' dir='ltr'><strong>Aeneas</strong></span> <span class='ocrx_word' id='word_1_22' title='bbox 497 788 655 856; x_wconf 82' lang='lat' dir='ltr'>sponsae,</span> <span class='ocrx_word' id='word_1_23' title='bbox 675 767 913 834; x_wconf 88' lang='lat' dir='ltr'>fortitudinem</span> <span class='ocrx_word' id='word_1_24' title='bbox 933 769 1154 855; x_wconf 90' lang='lat' dir='ltr'>stupeant...</span> <span class='ocrx_word' id='word_1_25' title='bbox 1174 764 1295 831; x_wconf 84' lang='lat' dir='ltr'>Nonne</span> 
     </span>
     <span class='ocr_line' id='line_1_5' title="bbox 172 871 1297 962; baseline -0.003 -22"><span class='ocrx_word' id='word_1_26' title='bbox 172 896 254 940; x_wconf 92' lang='lat' dir='ltr'>vero</span> <span class='ocrx_word' id='word_1_27' title='bbox 283 874 313 939; x_wconf 93' lang='lat' dir='ltr'>si</span> <span class='ocrx_word' id='word_1_28' title='bbox 339 880 408 939; x_wconf 89' lang='lat' dir='ltr'>tres</span> <span class='ocrx_word' id='word_1_29' title='bbox 441 873 535 940; x_wconf 92' lang='lat' dir='ltr'>haud</span> <span class='ocrx_word' id='word_1_30' title='bbox 560 873 736 940; x_wconf 89' lang='lat' dir='ltr'>dissimilis</span> <span class='ocrx_word' id='word_1_31' title='bbox 760 874 885 941; x_wconf 91' lang='lat' dir='ltr'>indolis</span> <span class='ocrx_word' id='word_1_32' title='bbox 910 873 1058 940; x_wconf 86' lang='lat' dir='ltr'>feminae</span> <span class='ocrx_word' id='word_1_33' title='bbox 1082 910 1127 922; x_wconf 95' lang='lat'>—</span> <span class='ocrx_word' id='word_1_34' title='bbox 1156 871 1297 962; x_wconf 85' lang='lat' dir='ltr'>(Amata</span> 
     </span>
     <span class='ocr_line' id='line_1_6' title="bbox 173 978 1297 1072; baseline -0.001 -24"><span class='ocrx_word' id='word_1_35' title='bbox 173 981 320 1065; x_wconf 89' lang='lat' dir='ltr'>scilicet,</span> <span class='ocrx_word' id='word_1_36' title='bbox 353 978 496 1048; x_wconf 83' lang='lat' dir='ltr'>Camilla</span> <span class='ocrx_word' id='word_1_37' title='bbox 524 980 753 1072; x_wconf 85' lang='lat' dir='ltr'>Laviniaque)</span> <span class='ocrx_word' id='word_1_38' title='bbox 773 1021 818 1032; x_wconf 89' lang='lat'><strong>—</strong></span> <span class='ocrx_word' id='word_1_39' title='bbox 846 983 881 1048; x_wconf 91' lang='lat' dir='ltr'>in</span> <span class='ocrx_word' id='word_1_40' title='bbox 910 1003 979 1048; x_wconf 93' lang='lat' dir='ltr'>uno</span> <span class='ocrx_word' id='word_1_41' title='bbox 1008 985 1042 1046; x_wconf 89' lang='lat' dir='ltr'>et</span> <span class='ocrx_word' id='word_1_42' title='bbox 1061 979 1184 1046; x_wconf 89' lang='lat' dir='ltr'>eodem</span> <span class='ocrx_word' id='word_1_43' title='bbox 1211 1002 1297 1069; x_wconf 92' lang='lat' dir='ltr'>pce-</span> 
     </span>
     <span class='ocr_line' id='line_1_7' title="bbox 173 1087 1297 1179; baseline -0.004 -23"><span class='ocrx_word' id='word_1_44' title='bbox 173 1095 264 1156; x_wconf 87' lang='lat' dir='ltr'>mate</span> <span class='ocrx_word' id='word_1_45' title='bbox 284 1089 385 1155; x_wconf 90' lang='lat' dir='ltr'>simul</span> <span class='ocrx_word' id='word_1_46' title='bbox 406 1089 623 1171; x_wconf 74' lang='lat' dir='ltr'>exstitissent,</span> <span class='ocrx_word' id='word_1_47' title='bbox 646 1091 837 1179; x_wconf 91' lang='lat' dir='ltr'>periculum</span> <span class='ocrx_word' id='word_1_48' title='bbox 864 1091 1016 1157; x_wconf 85' lang='lat' dir='ltr'>futurum</span> <span class='ocrx_word' id='word_1_49' title='bbox 1040 1088 1106 1154; x_wconf 86' lang='lat' dir='ltr'>fuit</span> <span class='ocrx_word' id='word_1_50' title='bbox 1123 1109 1166 1154; x_wconf 87' lang='lat' dir='ltr'>ne</span> <span class='ocrx_word' id='word_1_51' title='bbox 1195 1087 1297 1153; x_wconf 90' lang='lat' dir='ltr'>nimis</span> 
     </span>
     <span class='ocr_line' id='line_1_8' title="bbox 115 1194 1298 1287; baseline -0.002 -23"><span class='ocrx_word' id='word_1_52' title='bbox 115 1203 118 1207; x_wconf 85' lang='grc'>’</span> <span class='ocrx_word' id='word_1_53' title='bbox 173 1196 302 1264; x_wconf 90' lang='lat' dir='ltr'>multae</span> <span class='ocrx_word' id='word_1_54' title='bbox 327 1196 528 1262; x_wconf 87' lang='lat' dir='ltr'>viderentur</span> <span class='ocrx_word' id='word_1_55' title='bbox 554 1202 712 1264; x_wconf 79' lang='lat' dir='ltr'>strenuae</span> <span class='ocrx_word' id='word_1_56' title='bbox 740 1199 826 1265; x_wconf 89' lang='lat' dir='ltr'>istae</span> <span class='ocrx_word' id='word_1_57' title='bbox 853 1204 887 1264; x_wconf 87' lang='lat' dir='ltr'>et</span> <span class='ocrx_word' id='word_1_58' title='bbox 912 1197 1012 1287; x_wconf 88' lang='lat' dir='ltr'>quasi</span> <span class='ocrx_word' id='word_1_59' title='bbox 1037 1195 1212 1264; x_wconf 87' lang='lat' dir='ltr'>masculae</span> <span class='ocrx_word' id='word_1_60' title='bbox 1237 1194 1298 1262; x_wconf 88' lang='lat' dir='ltr'>he-</span> 
     </span>
     <span class='ocr_line' id='line_1_9' title="bbox 176 1304 317 1371; baseline -0.021 0"><span class='ocrx_word' id='word_1_61' title='bbox 176 1304 317 1371; x_wconf 84' lang='lat' dir='ltr'>roides‘?</span> 
     </span>
    </p>

    <p class='ocr_par' dir='ltr' id='par_1_3' title="bbox 173 1409 1299 2144">
     <span class='ocr_line' id='line_1_10' title="bbox 222 1409 1299 1502; baseline 0.002 -26"><span class='ocrx_word' id='word_1_62' title='bbox 222 1410 353 1477; x_wconf 88' lang='lat' dir='ltr'>Deinde</span> <span class='ocrx_word' id='word_1_63' title='bbox 373 1409 553 1476; x_wconf 90' lang='lat' dir='ltr'>Laviniam</span> <span class='ocrx_word' id='word_1_64' title='bbox 568 1413 603 1477; x_wconf 90' lang='lat' dir='ltr'>iu</span> <span class='ocrx_word' id='word_1_65' title='bbox 621 1413 713 1478; x_wconf 92' lang='lat' dir='ltr'>hunc</span> <span class='ocrx_word' id='word_1_66' title='bbox 733 1412 874 1479; x_wconf 90' lang='lat' dir='ltr'>modurn</span> <span class='ocrx_word' id='word_1_67' title='bbox 894 1413 1116 1502; x_wconf 82' lang='lat' dir='ltr'>descriptam,</span> <span class='ocrx_word' id='word_1_68' title='bbox 1129 1410 1244 1477; x_wconf 91' lang='lat' dir='ltr'>vivido</span> <span class='ocrx_word' id='word_1_69' title='bbox 1264 1416 1299 1478; x_wconf 91' lang='lat' dir='ltr'>et</span> 
     </span>
     <span class='ocr_line' id='line_1_11' title="bbox 173 1517 1299 1609; baseline 0 -25"><span class='ocrx_word' id='word_1_70' title='bbox 173 1518 340 1608; x_wconf 85' lang='lat' dir='ltr'>pertinaci</span> <span class='ocrx_word' id='word_1_71' title='bbox 369 1519 403 1583; x_wconf 94' lang='lat' dir='ltr'>in</span> <span class='ocrx_word' id='word_1_72' title='bbox 430 1517 579 1586; x_wconf 88' lang='lat' dir='ltr'>Teucros</span> <span class='ocrx_word' id='word_1_73' title='bbox 605 1542 794 1609; x_wconf 91' lang='lat' dir='ltr'>eorumque</span> <span class='ocrx_word' id='word_1_74' title='bbox 824 1542 954 1608; x_wconf 87' lang='lat' dir='ltr'>regem,</span> <span class='ocrx_word' id='word_1_75' title='bbox 986 1520 1139 1586; x_wconf 87' lang='lat' dir='ltr'>futurum</span> <span class='ocrx_word' id='word_1_76' title='bbox 1169 1517 1299 1584; x_wconf 89' lang='lat' dir='ltr'>scilicet</span> 
     </span>
     <span class='ocr_line' id='line_1_12' title="bbox 174 1623 1299 1712; baseline 0 -21"><span class='ocrx_word' id='word_1_77' title='bbox 174 1624 371 1711; x_wconf 88' lang='lat' dir='ltr'>conjugem,</span> <span class='ocrx_word' id='word_1_78' title='bbox 395 1623 473 1690; x_wconf 91' lang='lat' dir='ltr'>odio</span> <span class='ocrx_word' id='word_1_79' title='bbox 500 1625 647 1712; x_wconf 80' lang='lat' dir='ltr'>flagrare</span> <span class='ocrx_word' id='word_1_80' title='bbox 677 1628 748 1692; x_wconf 90' lang='lat' dir='ltr'>sine</span> <span class='ocrx_word' id='word_1_81' title='bbox 769 1627 876 1693; x_wconf 91' lang='lat' dir='ltr'>dubio</span> <span class='ocrx_word' id='word_1_82' title='bbox 895 1649 962 1693; x_wconf 91' lang='lat' dir='ltr'>non</span> <span class='ocrx_word' id='word_1_83' title='bbox 983 1627 1176 1693; x_wconf 81' lang='lat' dir='ltr'>licuisset...</span> <span class='ocrx_word' id='word_1_84' title='bbox 1203 1625 1299 1691; x_wconf 89' lang='lat' dir='ltr'>Tunc</span> 
     </span>
     <span class='ocr_line' id='line_1_13' title="bbox 174 1731 1299 1824; baseline 0 -26"><span class='ocrx_word' id='word_1_85' title='bbox 174 1754 256 1798; x_wconf 85' lang='lat' dir='ltr'>vero</span> <span class='ocrx_word' id='word_1_86' title='bbox 276 1733 325 1798; x_wconf 91' lang='lat' dir='ltr'>sio</span> <span class='ocrx_word' id='word_1_87' title='bbox 343 1731 511 1817; x_wconf 88' lang='lat' dir='ltr'>mitigata,</span> <span class='ocrx_word' id='word_1_88' title='bbox 526 1733 610 1822; x_wconf 91' lang='lat' dir='ltr'>quid</span> <span class='ocrx_word' id='word_1_89' title='bbox 629 1734 724 1800; x_wconf 90' lang='lat' dir='ltr'>aliud</span> <span class='ocrx_word' id='word_1_90' title='bbox 738 1734 932 1821; x_wconf 91' lang='lat' dir='ltr'>legentibus</span> <span class='ocrx_word' id='word_1_91' title='bbox 951 1733 1181 1824; x_wconf 89' lang='lat' dir='ltr'>praebuisset,</span> <span class='ocrx_word' id='word_1_92' title='bbox 1194 1753 1299 1822; x_wconf 92' lang='lat' dir='ltr'>quam</span> 
     </span>
     <span class='ocr_line' id='line_1_14' title="bbox 179 1837 1299 1930; baseline 0.001 -27"><span class='ocrx_word' id='word_1_93' title='bbox 179 1843 389 1905; x_wconf 89' lang='lat' dir='ltr'>attenuatam</span> <span class='ocrx_word' id='word_1_94' title='bbox 420 1837 583 1905; x_wconf 86' lang='lat' dir='ltr'>Camillae</span> <span class='ocrx_word' id='word_1_95' title='bbox 621 1841 864 1923; x_wconf 86' lang='lat' dir='ltr'>imitationem,</span> <span class='ocrx_word' id='word_1_96' title='bbox 905 1841 960 1907; x_wconf 91' lang='lat' dir='ltr'>vel</span> <span class='ocrx_word' id='word_1_97' title='bbox 993 1840 1093 1930; x_wconf 92' lang='lat' dir='ltr'>quasi</span> <span class='ocrx_word' id='word_1_98' title='bbox 1124 1839 1299 1929; x_wconf 89' lang='lat' dir='ltr'>duplicem</span> 
     </span>
     <span class='ocr_line' id='line_1_15' title="bbox 176 1944 1299 2035; baseline 0.002 -25"><span class='ocrx_word' id='word_1_99' title='bbox 176 1944 428 2031; x_wconf 83' lang='lat' dir='ltr'>redintegratae</span> <span class='ocrx_word' id='word_1_100' title='bbox 449 1945 591 2012; x_wconf 82' lang='lat' dir='ltr'>Amatae</span> <span class='ocrx_word' id='word_1_101' title='bbox 613 1947 814 2033; x_wconf 77' lang='lat' dir='ltr'>imaginem,</span> <span class='ocrx_word' id='word_1_102' title='bbox 838 1946 1040 2014; x_wconf 90' lang='lat' dir='ltr'>additicium</span> <span class='ocrx_word' id='word_1_103' title='bbox 1065 1946 1195 2012; x_wconf 91' lang='lat' dir='ltr'>scilicet</span> <span class='ocrx_word' id='word_1_104' title='bbox 1215 1968 1299 2035; x_wconf 91' lang='lat' dir='ltr'>poe-</span> 
     </span>
     <span class='ocr_line' id='line_1_16' title="bbox 176 2052 973 2144; baseline 0.001 -27"><span class='ocrx_word' id='word_1_105' title='bbox 176 2052 259 2118; x_wconf 89' lang='lat' dir='ltr'>mati</span> <span class='ocrx_word' id='word_1_106' title='bbox 278 2073 643 2143; x_wconf 85' lang='lat' dir='ltr'>supervacaneumque</span> <span class='ocrx_word' id='word_1_107' title='bbox 662 2054 973 2144; x_wconf 82' lang='lat' dir='ltr'>impedimentum?</span> 
     </span>
    </p>

    <p class='ocr_par' dir='ltr' id='par_1_4' title="bbox 174 2158 1334 3214">
     <span class='ocr_line' id='line_1_17' title="bbox 219 2158 1298 2249; baseline -0.001 -24"><span class='ocrx_word' id='word_1_108' title='bbox 219 2160 288 2225; x_wconf 88' lang='lat' dir='ltr'>Aut</span> <span class='ocrx_word' id='word_1_109' title='bbox 316 2159 346 2225; x_wconf 90' lang='lat' dir='ltr'>si</span> <span class='ocrx_word' id='word_1_110' title='bbox 374 2158 611 2229; x_wconf 90' lang='lat' dir='ltr'>vehementius</span> <span class='ocrx_word' id='word_1_111' title='bbox 641 2184 717 2228; x_wconf 89' lang='lat' dir='ltr'>eam</span> <span class='ocrx_word' id='word_1_112' title='bbox 744 2162 779 2227; x_wconf 91' lang='lat' dir='ltr'>in</span> <span class='ocrx_word' id='word_1_113' title='bbox 803 2162 971 2249; x_wconf 88' lang='lat' dir='ltr'>Trojanos</span> <span class='ocrx_word' id='word_1_114' title='bbox 995 2160 1112 2226; x_wconf 91' lang='lat' dir='ltr'>odium</span> <span class='ocrx_word' id='word_1_115' title='bbox 1140 2180 1298 2226; x_wconf 86' lang='lat' dir='ltr'>exercere</span> 
     </span>
     <span class='ocr_line' id='line_1_18' title="bbox 178 2265 1299 2357; baseline -0.001 -25"><span class='ocrx_word' id='word_1_116' title='bbox 178 2288 300 2356; x_wconf 90' lang='lat' dir='ltr'>passus</span> <span class='ocrx_word' id='word_1_117' title='bbox 330 2271 420 2332; x_wconf 91' lang='lat' dir='ltr'>esset</span> <span class='ocrx_word' id='word_1_118' title='bbox 448 2272 562 2357; x_wconf 89' lang='lat' dir='ltr'>poeta,</span> <span class='ocrx_word' id='word_1_119' title='bbox 594 2273 708 2335; x_wconf 89' lang='lat' dir='ltr'>tamen</span> <span class='ocrx_word' id='word_1_120' title='bbox 741 2269 862 2337; x_wconf 87' lang='lat' dir='ltr'>fuisset</span> <span class='ocrx_word' id='word_1_121' title='bbox 887 2290 1027 2336; x_wconf 89' lang='lat' dir='ltr'>necesse</span> <span class='ocrx_word' id='word_1_122' title='bbox 1065 2267 1183 2333; x_wconf 90' lang='lat' dir='ltr'>odium</span> <span class='ocrx_word' id='word_1_123' title='bbox 1211 2265 1299 2332; x_wconf 92' lang='lat' dir='ltr'>illud</span> 
     </span>
     <span class='ocr_line' id='line_1_19' title="bbox 177 2374 1300 2466; baseline -0.001 -26"><span class='ocrx_word' id='word_1_124' title='bbox 177 2374 264 2462; x_wconf 87' lang='lat' dir='ltr'>ejus,</span> <span class='ocrx_word' id='word_1_125' title='bbox 278 2374 343 2440; x_wconf 91' lang='lat' dir='ltr'>sub</span> <span class='ocrx_word' id='word_1_126' title='bbox 362 2374 466 2441; x_wconf 85' lang='lat' dir='ltr'>tinem</span> <span class='ocrx_word' id='word_1_127' title='bbox 485 2377 666 2465; x_wconf 91' lang='lat' dir='ltr'>poematis,</span> <span class='ocrx_word' id='word_1_128' title='bbox 685 2377 795 2442; x_wconf 90' lang='lat' dir='ltr'>subita</span> <span class='ocrx_word' id='word_1_129' title='bbox 819 2377 918 2466; x_wconf 91' lang='lat' dir='ltr'>quasi</span> <span class='ocrx_word' id='word_1_130' title='bbox 939 2374 1300 2456; x_wconf 88' lang='lat' dir='ltr'>conversione‚volen-</span> 
     </span>
     <span class='ocr_line' id='line_1_20' title="bbox 178 2481 1300 2574; baseline -0.001 -27"><span class='ocrx_word' id='word_1_131' title='bbox 178 2482 270 2549; x_wconf 87' lang='lat' dir='ltr'>tibus</span> <span class='ocrx_word' id='word_1_132' title='bbox 297 2481 369 2547; x_wconf 91' lang='lat' dir='ltr'>Diis</span> <span class='ocrx_word' id='word_1_133' title='bbox 399 2488 432 2548; x_wconf 92' lang='lat' dir='ltr'>et</span> <span class='ocrx_word' id='word_1_134' title='bbox 455 2484 650 2572; x_wconf 89' lang='lat' dir='ltr'>postulante</span> <span class='ocrx_word' id='word_1_135' title='bbox 680 2483 835 2567; x_wconf 91' lang='lat' dir='ltr'>historia,</span> <span class='ocrx_word' id='word_1_136' title='bbox 861 2485 1051 2574; x_wconf 88' lang='lat' dir='ltr'>placari...</span> <span class='ocrx_word' id='word_1_137' title='bbox 1069 2482 1165 2548; x_wconf 87' lang='lat' dir='ltr'>Tunc</span> <span class='ocrx_word' id='word_1_138' title='bbox 1194 2482 1300 2568; x_wconf 89' lang='lat' dir='ltr'>igitur</span> 
     </span>
     <span class='ocr_line' id='line_1_21' title="bbox 178 2588 1334 2683; baseline -0.003 -27"><span class='ocrx_word' id='word_1_139' title='bbox 178 2588 387 2678; x_wconf 89' lang='lat' dir='ltr'>amplificata</span> <span class='ocrx_word' id='word_1_140' title='bbox 405 2590 466 2656; x_wconf 93' lang='lat' dir='ltr'>illa</span> <span class='ocrx_word' id='word_1_141' title='bbox 485 2595 518 2656; x_wconf 93' lang='lat' dir='ltr'>et</span> <span class='ocrx_word' id='word_1_142' title='bbox 538 2591 636 2680; x_wconf 92' lang='lat' dir='ltr'>quasi</span> <span class='ocrx_word' id='word_1_143' title='bbox 661 2592 888 2681; x_wconf 82' lang='lat' dir='ltr'>superfluenti</span> <span class='ocrx_word' id='word_1_144' title='bbox 911 2591 1067 2672; x_wconf 87' lang='lat' dir='ltr'>Lavinia,</span> <span class='ocrx_word' id='word_1_145' title='bbox 1088 2589 1298 2678; x_wconf 89' lang='lat' dir='ltr'>completum</span> <span class='ocrx_word' id='word_1_146' title='bbox 1326 2674 1334 2683; x_wconf 88' lang='lat'>.</span> 
     </span>
     <span class='ocr_line' id='line_1_22' title="bbox 176 2697 1300 2791; baseline -0.001 -28"><span class='ocrx_word' id='word_1_147' title='bbox 176 2702 211 2763; x_wconf 89' lang='lat' dir='ltr'>et</span> <span class='ocrx_word' id='word_1_148' title='bbox 247 2697 462 2765; x_wconf 87' lang='lat' dir='ltr'>obstructum</span> <span class='ocrx_word' id='word_1_149' title='bbox 494 2721 634 2788; x_wconf 90' lang='lat' dir='ltr'>poema,</span> <span class='ocrx_word' id='word_1_150' title='bbox 667 2701 702 2767; x_wconf 94' lang='lat' dir='ltr'>in</span> <span class='ocrx_word' id='word_1_151' title='bbox 740 2701 924 2791; x_wconf 91' lang='lat' dir='ltr'>postremis</span> <span class='ocrx_word' id='word_1_152' title='bbox 952 2700 1065 2782; x_wconf 90' lang='lat' dir='ltr'>libris,</span> <span class='ocrx_word' id='word_1_153' title='bbox 1095 2697 1228 2778; x_wconf 85' lang='lat' dir='ltr'>luisset,</span> <span class='ocrx_word' id='word_1_154' title='bbox 1256 2735 1300 2746; x_wconf 89' lang='lat'>--</span> 
     </span>
     <span class='ocr_line' id='line_1_23' title="bbox 174 2803 1299 2898; baseline -0.002 -27"><span class='ocrx_word' id='word_1_155' title='bbox 174 2804 292 2871; x_wconf 89' lang='lat' dir='ltr'>Aenea</span> <span class='ocrx_word' id='word_1_156' title='bbox 321 2805 462 2887; x_wconf 89' lang='lat' dir='ltr'>scilicet,</span> <span class='ocrx_word' id='word_1_157' title='bbox 486 2812 519 2872; x_wconf 92' lang='lat' dir='ltr'>et</span> <span class='ocrx_word' id='word_1_158' title='bbox 539 2807 666 2890; x_wconf 88' lang='lat' dir='ltr'>Turno,</span> <span class='ocrx_word' id='word_1_159' title='bbox 696 2808 909 2898; x_wconf 90' lang='lat' dir='ltr'>reliquisque</span> <span class='ocrx_word' id='word_1_160' title='bbox 938 2808 1020 2873; x_wconf 91' lang='lat' dir='ltr'>viris</span> <span class='ocrx_word' id='word_1_161' title='bbox 1053 2805 1098 2872; x_wconf 92' lang='lat' dir='ltr'>ad</span> <span class='ocrx_word' id='word_1_162' title='bbox 1124 2803 1299 2894; x_wconf 90' lang='lat' dir='ltr'>quandam</span> 
     </span>
     <span class='ocr_line' id='line_1_24' title="bbox 175 2912 1299 2998; baseline 0 -21"><span class='ocrx_word' id='word_1_163' title='bbox 175 2912 333 2978; x_wconf 90' lang='lat' dir='ltr'>inertiam</span> <span class='ocrx_word' id='word_1_164' title='bbox 352 2917 386 2979; x_wconf 87' lang='lat' dir='ltr'>et</span> <span class='ocrx_word' id='word_1_165' title='bbox 406 2913 650 2982; x_wconf 84' lang='lat' dir='ltr'>obscuritatem</span> <span class='ocrx_word' id='word_1_166' title='bbox 671 2916 832 2998; x_wconf 89' lang='lat' dir='ltr'>redactis,</span> <span class='ocrx_word' id='word_1_167' title='bbox 847 2917 895 2982; x_wconf 92' lang='lat' dir='ltr'>ita</span> <span class='ocrx_word' id='word_1_168' title='bbox 910 2920 947 2981; x_wconf 94' lang='lat' dir='ltr'>ut</span> <span class='ocrx_word' id='word_1_169' title='bbox 961 2915 997 2982; x_wconf 91' lang='lat' dir='ltr'>in</span> <span class='ocrx_word' id='word_1_170' title='bbox 1013 2918 1166 2981; x_wconf 86' lang='lat' dir='ltr'>extrema</span> <span class='ocrx_word' id='word_1_171' title='bbox 1176 2912 1299 2979; x_wconf 87' lang='lat' dir='ltr'>Aenei-</span> 
     </span>
     <span class='ocr_line' id='line_1_25' title="bbox 176 3008 1300 3113; baseline 0 -29"><span class='ocrx_word' id='word_1_172' title='bbox 176 3017 229 3084; x_wconf 94' lang='lat' dir='ltr'>dis</span> <span class='ocrx_word' id='word_1_173' title='bbox 249 3024 346 3108; x_wconf 89' lang='lat' dir='ltr'>parte</span> <span class='ocrx_word' id='word_1_174' title='bbox 366 3019 529 3087; x_wconf 89' lang='lat' dir='ltr'>Laviniae</span> <span class='ocrx_word' id='word_1_175' title='bbox 555 3008 670 3111; x_wconf 87' lang='lat' dir='ltr'>potius</span> <span class='ocrx_word' id='word_1_176' title='bbox 695 3045 799 3113; x_wconf 92' lang='lat' dir='ltr'>quam</span> <span class='ocrx_word' id='word_1_177' title='bbox 818 3025 956 3090; x_wconf 89' lang='lat' dir='ltr'>Aeneae</span> <span class='ocrx_word' id='word_1_178' title='bbox 980 3026 1156 3088; x_wconf 90' lang='lat' dir='ltr'>narratum</span> <span class='ocrx_word' id='word_1_179' title='bbox 1178 3019 1300 3085; x_wconf 89' lang='lat' dir='ltr'>fuisset</span> 
     </span>
     <span class='ocr_line' id='line_1_26' title="bbox 178 3147 273 3214; baseline 0.021 -24"><span class='ocrx_word' id='word_1_180' title='bbox 178 3147 273 3214; x_wconf 91' lang='lat' dir='ltr'>epos.</span> 
     </span>
    </p>

    <p class='ocr_par' dir='ltr' id='par_1_5' title="bbox 221 3232 1299 3326">
     <span class='ocr_line' id='line_1_27' title="bbox 221 3232 1299 3326; baseline -0.001 -27"><span class='ocrx_word' id='word_1_181' title='bbox 221 3232 267 3300; x_wconf 87' lang='lat' dir='ltr'>At</span> <span class='ocrx_word' id='word_1_182' title='bbox 286 3233 378 3301; x_wconf 90' lang='lat' dir='ltr'>euim</span> <span class='ocrx_word' id='word_1_183' title='bbox 397 3257 464 3300; x_wconf 90' lang='lat' dir='ltr'>non</span> <span class='ocrx_word' id='word_1_184' title='bbox 485 3236 607 3302; x_wconf 91' lang='lat' dir='ltr'>saltem</span> <span class='ocrx_word' id='word_1_185' title='bbox 628 3238 742 3326; x_wconf 90' lang='lat' dir='ltr'>potuit</span> <span class='ocrx_word' id='word_1_186' title='bbox 760 3238 857 3326; x_wconf 89' lang='lat' dir='ltr'>regia</span> <span class='ocrx_word' id='word_1_187' title='bbox 882 3237 980 3324; x_wconf 85' lang='lat' dir='ltr'>virgo</span> <span class='ocrx_word' id='word_1_188' title='bbox 1007 3235 1121 3301; x_wconf 91' lang='lat' dir='ltr'>minus</span> <span class='ocrx_word' id='word_1_189' title='bbox 1145 3233 1299 3320; x_wconf 78' lang='lat' dir='ltr'>frigere?</span> 
     </span>
    </p>
   </div>
   <div class='ocr_carea' id='block_1_3' title="bbox 175 3339 1298 3536">
    <p class='ocr_par' dir='ltr' id='par_1_6' title="bbox 175 3339 1298 3536">
     <span class='ocr_line' id='line_1_28' title="bbox 176 3339 1298 3430; baseline 0 -25"><span class='ocrx_word' id='word_1_190' title='bbox 176 3339 364 3430; x_wconf 86' lang='lat' dir='ltr'>Numquid,</span> <span class='ocrx_word' id='word_1_191' title='bbox 387 3344 527 3409; x_wconf 90' lang='lat' dir='ltr'>mutatis</span> <span class='ocrx_word' id='word_1_192' title='bbox 548 3345 732 3428; x_wconf 91' lang='lat' dir='ltr'>mutandis,</span> <span class='ocrx_word' id='word_1_193' title='bbox 764 3345 940 3412; x_wconf 89' lang='lat' dir='ltr'>Didoneae</span> <span class='ocrx_word' id='word_1_194' title='bbox 974 3344 1134 3409; x_wconf 80' lang='lat' dir='ltr'>flammae</span> <span class='ocrx_word' id='word_1_195' title='bbox 1169 3340 1298 3408; x_wconf 86' lang='lat' dir='ltr'>referre</span> 
     </span>
     <span class='ocr_line' id='line_1_29' title="bbox 175 3448 313 3536; baseline 0.007 -24"><span class='ocrx_word' id='word_1_196' title='bbox 175 3448 313 3536; x_wconf 84' lang='lat' dir='ltr'>potuit?</span> 
     </span>
    </p>
   </div>
   <div class='ocr_carea' id='block_1_4' title="bbox 174 3642 1300 4569">
    <p class='ocr_par' dir='ltr' id='par_1_7' title="bbox 174 3642 1300 4569">
     <span class='ocr_line' id='line_1_30' title="bbox 177 3642 1299 3711; baseline 0.001 -21"><span class='ocrx_word' id='word_1_197' title='bbox 177 3660 189 3685; x_wconf 80' lang='lat' dir='ltr'>u</span> <span class='ocrx_word' id='word_1_198' title='bbox 209 3642 333 3691; x_wconf 90' lang='lat' dir='ltr'>heroidem</span> <span class='ocrx_word' id='word_1_199' title='bbox 356 3662 368 3687; x_wconf 87' lang='lat'>»</span> <span class='ocrx_word' id='word_1_200' title='bbox 388 3644 519 3706; x_wconf 81' lang='lat' dir='ltr'>quandam,</span> <span class='ocrx_word' id='word_1_201' title='bbox 541 3647 630 3709; x_wconf 87' lang='lat' dir='ltr'>gallico</span> <span class='ocrx_word' id='word_1_202' title='bbox 649 3647 717 3695; x_wconf 90' lang='lat' dir='ltr'>verbi</span> <span class='ocrx_word' id='word_1_203' title='bbox 747 3663 829 3711; x_wconf 83' lang='lat' dir='ltr'>sensu,</span> <span class='ocrx_word' id='word_1_204' title='bbox 859 3649 935 3696; x_wconf 89' lang='lat' dir='ltr'>luisse</span> <span class='ocrx_word' id='word_1_205' title='bbox 958 3647 1092 3696; x_wconf 83' lang='lat' dir='ltr'>Lauiniam.</span> <span class='ocrx_word' id='word_1_206' title='bbox 1123 3645 1208 3694; x_wconf 86' lang='lat' dir='ltr'>Livius</span> <span class='ocrx_word' id='word_1_207' title='bbox 1234 3644 1299 3692; x_wconf 86' lang='lat' dir='ltr'>enim</span> 
     </span>
     <span class='ocr_line' id='line_1_31' title="bbox 176 3714 1295 3781; baseline 0.001 -20"><span class='ocrx_word' id='word_1_208' title='bbox 176 3714 210 3761; x_wconf 88' lang='lat' dir='ltr'>ita</span> <span class='ocrx_word' id='word_1_209' title='bbox 226 3730 231 3763; x_wconf 89' lang='lat'>:</span> <span class='ocrx_word' id='word_1_210' title='bbox 248 3733 259 3757; x_wconf 78' lang='lat' dir='ltr'>u</span> <span class='ocrx_word' id='word_1_211' title='bbox 277 3714 389 3762; x_wconf 89' lang='lat' dir='ltr'>Nondum</span> <span class='ocrx_word' id='word_1_212' title='bbox 404 3720 512 3764; x_wconf 87' lang='lat' dir='ltr'>maturus</span> <span class='ocrx_word' id='word_1_213' title='bbox 531 3719 633 3781; x_wconf 91' lang='lat' dir='ltr'>imperio</span> <span class='ocrx_word' id='word_1_214' title='bbox 655 3719 775 3767; x_wconf 85' lang='lat' dir='ltr'>Ascanius</span> <span class='ocrx_word' id='word_1_215' title='bbox 789 3719 886 3769; x_wconf 78' lang='lat' dir='ltr'>Aeneae</span> <span class='ocrx_word' id='word_1_216' title='bbox 902 3720 967 3768; x_wconf 84' lang='lat' dir='ltr'>tilius</span> <span class='ocrx_word' id='word_1_217' title='bbox 981 3723 1050 3779; x_wconf 91' lang='lat' dir='ltr'>erat;</span> <span class='ocrx_word' id='word_1_218' title='bbox 1072 3723 1151 3767; x_wconf 89' lang='lat' dir='ltr'>tamen</span> <span class='ocrx_word' id='word_1_219' title='bbox 1167 3716 1193 3764; x_wconf 94' lang='lat' dir='ltr'>id</span> <span class='ocrx_word' id='word_1_220' title='bbox 1213 3716 1295 3777; x_wconf 89' lang='lat' dir='ltr'>impe·</span> 
     </span>
     <span class='ocr_line' id='line_1_32' title="bbox 176 3785 1300 3854; baseline 0.002 -22"><span class='ocrx_word' id='word_1_221' title='bbox 176 3785 239 3833; x_wconf 92' lang='lat' dir='ltr'>rium</span> <span class='ocrx_word' id='word_1_222' title='bbox 252 3786 273 3833; x_wconf 88' lang='lat' dir='ltr'>ci</span> <span class='ocrx_word' id='word_1_223' title='bbox 289 3786 322 3832; x_wconf 91' lang='lat' dir='ltr'>ad</span> <span class='ocrx_word' id='word_1_224' title='bbox 336 3787 451 3848; x_wconf 88' lang='lat' dir='ltr'>puberem</span> <span class='ocrx_word' id='word_1_225' title='bbox 466 3793 569 3838; x_wconf 86' lang='lat' dir='ltr'>aetatem</span> <span class='ocrx_word' id='word_1_226' title='bbox 582 3791 701 3839; x_wconf 90' lang='lat' dir='ltr'>incolume</span> <span class='ocrx_word' id='word_1_227' title='bbox 716 3791 819 3852; x_wconf 87' lang='lat' dir='ltr'>mansit;</span> <span class='ocrx_word' id='word_1_228' title='bbox 832 3792 951 3854; x_wconf 90' lang='lat' dir='ltr'>tantisper</span> <span class='ocrx_word' id='word_1_229' title='bbox 967 3790 1043 3839; x_wconf 85' lang='lat' dir='ltr'>tutela</span> <span class='ocrx_word' id='word_1_230' title='bbox 1055 3788 1166 3838; x_wconf 86' lang='lat' dir='ltr'>muliebri</span> <span class='ocrx_word' id='word_1_231' title='bbox 1182 3789 1300 3835; x_wconf 83' lang='lat' dir='ltr'>-t-anta</span> 
     </span>
     <span class='ocr_line' id='line_1_33' title="bbox 174 3855 1299 3926; baseline 0.001 -22"><span class='ocrx_word' id='word_1_232' title='bbox 174 3855 277 3905; x_wconf 82' lang='lat' dir='ltr'>indoles</span> <span class='ocrx_word' id='word_1_233' title='bbox 292 3857 319 3904; x_wconf 83' lang='lat' dir='ltr'>in</span> <span class='ocrx_word' id='word_1_234' title='bbox 338 3858 449 3908; x_wconf 80' lang='lat' dir='ltr'>Lacinia</span> <span class='ocrx_word' id='word_1_235' title='bbox 462 3860 539 3909; x_wconf 82' lang='lat' dir='ltr'>erat!</span> <span class='ocrx_word' id='word_1_236' title='bbox 553 3876 638 3910; x_wconf 89' lang='lat' dir='ltr'>—res</span> <span class='ocrx_word' id='word_1_237' title='bbox 654 3863 738 3911; x_wconf 87' lang='lat' dir='ltr'>Latina</span> <span class='ocrx_word' id='word_1_238' title='bbox 759 3867 783 3912; x_wconf 91' lang='lat' dir='ltr'>et</span> <span class='ocrx_word' id='word_1_239' title='bbox 802 3878 903 3926; x_wconf 82' lang='lat' dir='ltr'>regnum</span> <span class='ocrx_word' id='word_1_240' title='bbox 918 3863 1008 3911; x_wconf 86' lang='lat' dir='ltr'>avitum</span> <span class='ocrx_word' id='word_1_241' title='bbox 1025 3865 1200 3924; x_wconf 87' lang='lat' dir='ltr'>paternumque</span> <span class='ocrx_word' id='word_1_242' title='bbox 1222 3871 1299 3920; x_wconf 88' lang='lat' dir='ltr'>puero</span> 
     </span>
     <span class='ocr_line' id='line_1_34' title="bbox 176 3928 1299 3997; baseline 0.002 -22"><span class='ocrx_word' id='word_1_243' title='bbox 176 3928 260 3976; x_wconf 86' lang='lat' dir='ltr'>stetit.</span> <span class='ocrx_word' id='word_1_244' title='bbox 278 3947 290 3972; x_wconf 79' lang='lat' dir='ltr'>u</span> <span class='ocrx_word' id='word_1_245' title='bbox 305 3955 336 3963; x_wconf 95' lang='lat'>—</span> <span class='ocrx_word' id='word_1_246' title='bbox 347 3928 376 3976; x_wconf 86' lang='lat'>30</span> <span class='ocrx_word' id='word_1_247' title='bbox 391 3930 461 3978; x_wconf 80' lang='lat' dir='ltr'>Adde</span> <span class='ocrx_word' id='word_1_248' title='bbox 474 3931 521 3979; x_wconf 91' lang='lat' dir='ltr'>huc</span> <span class='ocrx_word' id='word_1_249' title='bbox 537 3931 688 3994; x_wconf 82' lang='lat' dir='ltr'>Ouidianam,</span> <span class='ocrx_word' id='word_1_250' title='bbox 699 3949 771 3996; x_wconf 87' lang='lat' dir='ltr'>quam</span> <span class='ocrx_word' id='word_1_251' title='bbox 786 3949 865 3997; x_wconf 89' lang='lat' dir='ltr'>supra</span> <span class='ocrx_word' id='word_1_252' title='bbox 877 3934 1063 3983; x_wconf 84' lang='lat' dir='ltr'>memoravimus</span> <span class='ocrx_word' id='word_1_253' title='bbox 1077 3931 1227 3992; x_wconf 68' lang='lat' dir='ltr'>fabulamlp.</span> <span class='ocrx_word' id='word_1_254' title='bbox 1244 3928 1299 3988; x_wconf 79' lang='lat'>101,</span> 
     </span>
     <span class='ocr_line' id='line_1_35' title="bbox 176 3998 1300 4069; baseline 0.003 -23"><span class='ocrx_word' id='word_1_255' title='bbox 176 4009 205 4047; x_wconf 82' lang='lat' dir='ltr'>n⁰</span> <span class='ocrx_word' id='word_1_256' title='bbox 220 3998 244 4060; x_wconf 78' lang='lat' dir='ltr'>l)</span> <span class='ocrx_word' id='word_1_257' title='bbox 253 3999 333 4060; x_wconf 88' lang='lat' dir='ltr'>(quum</span> <span class='ocrx_word' id='word_1_258' title='bbox 350 4001 446 4062; x_wconf 88' lang='lat' dir='ltr'>quidem</span> <span class='ocrx_word' id='word_1_259' title='bbox 460 4007 540 4051; x_wconf 90' lang='lat' dir='ltr'>utrum</span> <span class='ocrx_word' id='word_1_260' title='bbox 551 4005 727 4066; x_wconf 80' lang='lat' dir='ltr'>excogitaverit</span> <span class='ocrx_word' id='word_1_261' title='bbox 738 4006 846 4069; x_wconf 81' lang='lat' dir='ltr'>Ovinius,</span> <span class='ocrx_word' id='word_1_262' title='bbox 859 4021 889 4055; x_wconf 89' lang='lat' dir='ltr'>au</span> <span class='ocrx_word' id='word_1_263' title='bbox 901 4004 1049 4067; x_wconf 86' lang='lat' dir='ltr'>abantiquis</span> <span class='ocrx_word' id='word_1_264' title='bbox 1062 4002 1193 4064; x_wconf 88' lang='lat' dir='ltr'>receperit,</span> <span class='ocrx_word' id='word_1_265' title='bbox 1203 4016 1250 4048; x_wconf 90' lang='lat' dir='ltr'>non</span> <span class='ocrx_word' id='word_1_266' title='bbox 1263 4015 1300 4049; x_wconf 86' lang='lat' dir='ltr'>sa·</span> 
     </span>
     <span class='ocr_line' id='line_1_36' title="bbox 177 4071 1300 4138; baseline 0.002 -21"><span class='ocrx_word' id='word_1_267' title='bbox 177 4071 304 4133; x_wconf 88' lang='lat' dir='ltr'>tisliquere</span> <span class='ocrx_word' id='word_1_268' title='bbox 320 4072 414 4136; x_wconf 82' lang='lat' dir='ltr'>fateor).</span> <span class='ocrx_word' id='word_1_269' title='bbox 426 4074 527 4123; x_wconf 88' lang='lat' dir='ltr'>Lavinia</span> <span class='ocrx_word' id='word_1_270' title='bbox 542 4077 607 4124; x_wconf 89' lang='lat' dir='ltr'>inea</span> <span class='ocrx_word' id='word_1_271' title='bbox 624 4077 694 4125; x_wconf 86' lang='lat' dir='ltr'>nobis</span> <span class='ocrx_word' id='word_1_272' title='bbox 709 4080 855 4137; x_wconf 83' lang='lat' dir='ltr'>ostenditur,</span> <span class='ocrx_word' id='word_1_273' title='bbox 872 4091 932 4126; x_wconf 85' lang='lat' dir='ltr'>uxor</span> <span class='ocrx_word' id='word_1_274' title='bbox 947 4091 1035 4138; x_wconf 86' lang='lat' dir='ltr'>aspera</span> <span class='ocrx_word' id='word_1_275' title='bbox 1044 4080 1068 4124; x_wconf 88' lang='lat' dir='ltr'>et</span> <span class='ocrx_word' id='word_1_276' title='bbox 1082 4074 1174 4137; x_wconf 82' lang='lat' dir='ltr'>gravis,</span> <span class='ocrx_word' id='word_1_277' title='bbox 1190 4073 1300 4134; x_wconf 87' lang='lat' dir='ltr'>adeoque</span> 
     </span>
     <span class='ocr_line' id='line_1_37' title="bbox 178 4142 1299 4210; baseline 0 -20"><span class='ocrx_word' id='word_1_278' title='bbox 178 4142 208 4190; x_wconf 82' lang='lat' dir='ltr'>ud</span> <span class='ocrx_word' id='word_1_279' title='bbox 223 4142 386 4203; x_wconf 87' lang='lat' dir='ltr'>suspicionem</span> <span class='ocrx_word' id='word_1_280' title='bbox 402 4159 489 4206; x_wconf 88' lang='lat' dir='ltr'>prona,</span> <span class='ocrx_word' id='word_1_281' title='bbox 501 4150 525 4194; x_wconf 89' lang='lat' dir='ltr'>ut</span> <span class='ocrx_word' id='word_1_282' title='bbox 541 4148 665 4196; x_wconf 80' lang='lat' dir='ltr'>maleficiis</span> <span class='ocrx_word' id='word_1_283' title='bbox 680 4152 704 4196; x_wconf 90' lang='lat' dir='ltr'>et</span> <span class='ocrx_word' id='word_1_284' title='bbox 718 4149 856 4198; x_wconf 87' lang='lat' dir='ltr'>maledictis</span> <span class='ocrx_word' id='word_1_285' title='bbox 870 4148 1026 4210; x_wconf 85' lang='lat' dir='ltr'>violentoque</span> <span class='ocrx_word' id='word_1_286' title='bbox 1038 4147 1095 4195; x_wconf 90' lang='lat' dir='ltr'>odio</span> <span class='ocrx_word' id='word_1_287' title='bbox 1106 4145 1199 4192; x_wconf 83' lang='lat' dir='ltr'>Annam</span> <span class='ocrx_word' id='word_1_288' title='bbox 1215 4143 1299 4204; x_wconf 87' lang='lat' dir='ltr'>hospi-</span> 
     </span>
     <span class='ocr_line' id='line_1_38' title="bbox 176 4213 1300 4283; baseline 0 -23"><span class='ocrx_word' id='word_1_289' title='bbox 176 4217 251 4260; x_wconf 86' lang='lat' dir='ltr'>temet</span> <span class='ocrx_word' id='word_1_290' title='bbox 269 4214 405 4276; x_wconf 88' lang='lat' dir='ltr'>supplicem</span> <span class='ocrx_word' id='word_1_291' title='bbox 419 4217 450 4264; x_wconf 88' lang='lat' dir='ltr'>ad</span> <span class='ocrx_word' id='word_1_292' title='bbox 467 4217 547 4280; x_wconf 85' lang='lat' dir='ltr'>fugam</span> <span class='ocrx_word' id='word_1_293' title='bbox 565 4219 702 4281; x_wconf 84' lang='lat' dir='ltr'>compellat.</span> <span class='ocrx_word' id='word_1_294' title='bbox 721 4220 809 4269; x_wconf 88' lang='lat' dir='ltr'>Patare</span> <span class='ocrx_word' id='word_1_295' title='bbox 824 4220 899 4283; x_wconf 85' lang='lat' dir='ltr'>igitur</span> <span class='ocrx_word' id='word_1_296' title='bbox 913 4219 970 4267; x_wconf 86' lang='lat' dir='ltr'>licet</span> <span class='ocrx_word' id='word_1_297' title='bbox 982 4218 1108 4266; x_wconf 76' lang='lat' dir='ltr'>Lauiniam</span> <span class='ocrx_word' id='word_1_298' title='bbox 1118 4217 1142 4264; x_wconf 91' lang='lat' dir='ltr'>in</span> <span class='ocrx_word' id='word_1_299' title='bbox 1153 4213 1300 4277; x_wconf 87' lang='lat' dir='ltr'>quibusdam</span> 
     </span>
     <span class='ocr_line' id='line_1_39' title="bbox 178 4283 1299 4351; baseline 0.002 -21"><span class='ocrx_word' id='word_1_300' title='bbox 178 4283 317 4331; x_wconf 88' lang='lat' dir='ltr'>Latinorum</span> <span class='ocrx_word' id='word_1_301' title='bbox 331 4286 420 4335; x_wconf 84' lang='lat' dir='ltr'>tabulis</span> <span class='ocrx_word' id='word_1_302' title='bbox 435 4288 555 4350; x_wconf 88' lang='lat' dir='ltr'>depictam</span> <span class='ocrx_word' id='word_1_303' title='bbox 571 4290 656 4351; x_wconf 86' lang='lat' dir='ltr'>luisse,</span> <span class='ocrx_word' id='word_1_304' title='bbox 667 4305 715 4339; x_wconf 92' lang='lat' dir='ltr'>non</span> <span class='ocrx_word' id='word_1_305' title='bbox 731 4292 794 4338; x_wconf 89' lang='lat' dir='ltr'>sicut</span> <span class='ocrx_word' id='word_1_306' title='bbox 808 4291 916 4340; x_wconf 89' lang='lat' dir='ltr'>timidam</span> <span class='ocrx_word' id='word_1_307' title='bbox 931 4289 1098 4351; x_wconf 88' lang='lat' dir='ltr'>imbellemque</span> <span class='ocrx_word' id='word_1_308' title='bbox 1112 4287 1239 4348; x_wconf 83' lang='lat' dir='ltr'>virginem,</span> <span class='ocrx_word' id='word_1_309' title='bbox 1255 4283 1299 4332; x_wconf 89' lang='lat' dir='ltr'>sed</span> 
     </span>
     <span class='ocr_line' id='line_1_40' title="bbox 178 4355 1299 4425; baseline 0 -24"><span class='ocrx_word' id='word_1_310' title='bbox 178 4358 290 4417; x_wconf 86' lang='lat' dir='ltr'>tanquam</span> <span class='ocrx_word' id='word_1_311' title='bbox 310 4358 435 4406; x_wconf 88' lang='lat' dir='ltr'>mulierem</span> <span class='ocrx_word' id='word_1_312' title='bbox 453 4361 548 4407; x_wconf 88' lang='lat' dir='ltr'>consilii</span> <span class='ocrx_word' id='word_1_313' title='bbox 571 4362 710 4424; x_wconf 88' lang='lat' dir='ltr'>vigorisque</span> <span class='ocrx_word' id='word_1_314' title='bbox 732 4362 838 4425; x_wconf 87' lang='lat' dir='ltr'>plenam,</span> <span class='ocrx_word' id='word_1_315' title='bbox 854 4363 950 4424; x_wconf 91' lang='lat' dir='ltr'>qualem</span> <span class='ocrx_word' id='word_1_316' title='bbox 970 4361 1068 4422; x_wconf 87' lang='lat' dir='ltr'>saepius</span> <span class='ocrx_word' id='word_1_317' title='bbox 1089 4362 1175 4421; x_wconf 87' lang='lat' dir='ltr'>postea</span> <span class='ocrx_word' id='word_1_318' title='bbox 1197 4355 1299 4403; x_wconf 84' lang='lat' dir='ltr'>Romani</span> 
     </span>
     <span class='ocr_line' id='line_1_41' title="bbox 179 4424 1299 4495; baseline 0.004 -24"><span class='ocrx_word' id='word_1_319' title='bbox 179 4425 303 4474; x_wconf 83' lang='lat' dir='ltr'>tortosae</span> <span class='ocrx_word' id='word_1_320' title='bbox 324 4429 409 4477; x_wconf 88' lang='lat' dir='ltr'>viriles</span> <span class='ocrx_word' id='word_1_321' title='bbox 424 4431 517 4491; x_wconf 87' lang='lat' dir='ltr'>puellas</span> <span class='ocrx_word' id='word_1_322' title='bbox 538 4433 665 4480; x_wconf 88' lang='lat' dir='ltr'>commenti</span> <span class='ocrx_word' id='word_1_323' title='bbox 687 4437 751 4482; x_wconf 87' lang='lat' dir='ltr'>sunt.</span> <span class='ocrx_word' id='word_1_324' title='bbox 773 4432 818 4495; x_wconf 78' lang='lat' dir='ltr'>(cr.</span> <span class='ocrx_word' id='word_1_325' title='bbox 842 4434 959 4492; x_wconf 81' lang='lat' dir='ltr'>Borssua,</span> <span class='ocrx_word' id='word_1_326' title='bbox 980 4433 1016 4481; x_wconf 84' lang='lat' dir='ltr'>La</span> <span class='ocrx_word' id='word_1_327' title='bbox 1035 4430 1117 4495; x_wconf 71' lang='lat' dir='ltr'>uettq.</span> <span class='ocrx_word' id='word_1_328' title='bbox 1139 4442 1214 4485; x_wconf 71' lang='lat' dir='ltr'>rom„</span> <span class='ocrx_word' id='word_1_329' title='bbox 1235 4430 1253 4477; x_wconf 88' lang='lat' dir='ltr'>t.</span> <span class='ocrx_word' id='word_1_330' title='bbox 1269 4424 1299 4485; x_wconf 82' lang='lat' dir='ltr'>ll,</span> 
     </span>
     <span class='ocr_line' id='line_1_42' title="bbox 180 4492 958 4569; baseline 0.005 -20"><span class='ocrx_word' id='word_1_331' title='bbox 180 4509 207 4558; x_wconf 79' lang='lat' dir='ltr'>p.</span> <span class='ocrx_word' id='word_1_332' title='bbox 220 4492 275 4560; x_wconf 78' lang='lat'>213,</span> <span class='ocrx_word' id='word_1_333' title='bbox 291 4498 321 4547; x_wconf 90' lang='lat' dir='ltr'>de</span> <span class='ocrx_word' id='word_1_334' title='bbox 335 4513 489 4550; x_wconf 81' lang='lat' dir='ltr'>romanarum</span> <span class='ocrx_word' id='word_1_335' title='bbox 504 4503 625 4566; x_wconf 81' lang='lat' dir='ltr'>virginum</span> <span class='ocrx_word' id='word_1_336' title='bbox 641 4504 784 4554; x_wconf 86' lang='lat' dir='ltr'>educatione</span> <span class='ocrx_word' id='word_1_337' title='bbox 799 4509 824 4554; x_wconf 89' lang='lat' dir='ltr'>et</span> <span class='ocrx_word' id='word_1_338' title='bbox 837 4504 958 4569; x_wconf 76' lang='lat' dir='ltr'>iugenio.)</span> 
     </span>
    </p>
   </div>
   <div class='ocr_carea' id='block_1_5' title="bbox 0 0 1482 5076">
    <p class='ocr_par' dir='ltr' id='par_1_8' title="bbox 0 0 1482 5076">
     <span class='ocr_line' id='line_1_43' title="bbox 0 0 1482 5076; baseline 0 0"><span class='ocrx_word' id='word_1_339' title='bbox 0 0 1482 5076; x_wconf 95' lang='lat' dir='ltr'> </span> 
     </span>
    </p>
   </div>
  </div>
 </body>
</html>
