2940 5076
601 379 699 425 carur
724 380 858 426 rnrnun.
1272 358 1293 422 7

168 551 330 633 tolemus,
344 552 524 616 etiamtum
536 548 686 637 juvenis,
701 551 808 641 patris
825 551 879 616 sui
892 552 1142 618 commilitones
1158 557 1192 618 et
1211 553 1294 618 ami-

171 680 230 727 cos
250 657 464 724 consuluisse
490 657 653 740 ereditur,
677 681 746 748 qua
762 659 895 724 ratione
915 658 1085 748 quibusve
1107 654 1235 724 studiis
1255 681 1294 726 ac

168 764 349 831 laboribus
378 766 530 854 patrium
556 765 662 831 decus
691 767 910 832 tueretur¹...
934 765 1146 846 Quantulum
1175 767 1292 856 igitur,

169 873 204 938 in
219 877 314 939 tanta
328 873 502 939 variarum
516 872 745 939 redundantia
760 895 876 939 rerum
889 879 922 939 et
937 874 971 939 in
985 874 1051 939 hac
1061 874 1174 963 spissa
1188 894 1293 959 agen-

169 981 257 1046 tium
275 1001 504 1069 personarum
530 980 644 1063 turba,
667 979 932 1047 Andromachae
959 979 1068 1046 indoli
1094 962 1295 1048 describen-

174 1086 238 1153 dae
258 1088 420 1177 spatium,
442 1088 648 1177 quantulum
668 1093 806 1178 tempus
827 1089 1026 1177 supererant

217 1193 337 1284 Neque
357 1179 439 1261 vero
466 1195 614 1284 amplior
633 1196 665 1261 ei
683 1195 780 1261 locus
801 1194 945 1261 concedi
968 1194 1082 1283 potuit
1108 1195 1143 1260 in
1164 1192 1297 1284 Sopho-

174 1303 236 1369 clis
257 1307 291 1367 et
309 1300 398 1367 Livii
411 1301 599 1368 Andronici
610 1307 669 1369 aut
683 1302 825 1369 Pacuvii
835 1301 878 1367 de
897 1300 1084 1368 Hermiona
1094 1302 1293 1388 tragoediis,

174 1431 261 1498 quas
275 1408 319 1475 ab
333 1408 541 1499 Euripideae
561 1408 822 1476 Andromachae
843 1414 1047 1495 argumento
1067 1408 1296 1500 discrepuisse

175 1515 359 1583 arbitror¹.
388 1516 476 1581 Nam
503 1516 664 1606 Delphis,
693 1538 762 1583 non
792 1517 826 1582 in
855 1515 973 1605 Epiro,
1004 1538 1060 1582 res
1091 1516 1294 1602 agebatur³,

176 1645 334 1712 quaeque
363 1624 398 1688 in
422 1621 490 1689 fine
515 1623 753 1689 tantummodo
778 1622 987 1713 Euripideae
1015 1623 1153 1690 fabulae
1177 1625 1298 1690 recita-

176 1733 243 1814 tur,
266 1729 484 1820 Neoptolemi
500 1729 624 1797 caedes
641 1730 685 1796 ab
697 1729 818 1798 Oreste
837 1730 913 1820 ipso
934 1729 1002 1818 (vel
1016 1753 1037 1796 a
1056 1730 1207 1820 quodam
1222 1730 1297 1818 ejus

176 1837 378 1927 amicorum)
400 1841 546 1927 patrata,
569 1838 757 1927 praecipua
776 1838 817 1903 iis
833 1838 868 1902 in
887 1837 1075 1923 tragoediis
1095 1860 1176 1928 pars
1191 1838 1299 1905 aetio-

177 1945 229 2011 nis
247 1945 310 2010 fuit
325 1950 358 2010 et
371 1944 415 2010 ad
430 1967 533 2034 quam
549 1949 670 2011 cuncta
683 1950 877 2031 vergerent.
893 1944 1074 2011 Praeterea
1087 1946 1122 2011 in
1139 1967 1297 2012 scaenam

177 2051 444 2134 inducebantur,
475 2092 518 2101 —
547 2052 670 2120 saltem
698 2053 732 2118 in
765 2052 880 2118 latinis
909 2051 1119 2136 Hermiones,
1150 2093 1193 2103 -
1221 2076 1300 2121 cum

179 2159 368 2226 Hermiona
392 2160 468 2249 ipsa
488 2164 522 2225 et
545 2158 789 2248 Neoptolemo,
822 2158 972 2241 Orestes,
999 2158 1163 2246 Pylades,
1186 2161 1300 2227 Mene-

178 2266 266 2349 laus,
288 2268 393 2333 immo
413 2266 632 2354 Tyndareum
651 2288 799 2356 eumque
817 2266 1057 2356 Sophocleum,
1080 2291 1149 2333 non
1164 2267 1301 2359 Euripi·

181 2373 317 2456 deam‘,
346 2373 569 2440 Hermionam
595 2373 638 2439 ab
667 2374 865 2440 Andronico
891 2379 924 2439 et
948 2397 968 2440 a
988 2374 1139 2441 Pacuvio
1169 2377 1239 2442 sive
1265 2377 1301 2442 in

179 2481 323 2548 latinum
340 2503 534 2547 sermonem
550 2480 764 2564 translatam,
776 2482 847 2546 sive
861 2487 1093 2566 retractatam,
1108 2505 1148 2548 ex
1161 2483 1301 2550 illorum

180 2588 383 2674 fragmentis
416 2588 609 2653 existimare
642 2587 721 2674 jure
747 2587 864 2670 liceat,
896 2588 976 2654 inde
1013 2589 1170 2678 sequitur
1202 2595 1238 2656 ut
1265 2590 1301 2656 in

181 2693 312 2762 Latinis
331 2694 538 2777 Hermiones,
563 2696 650 2761 sicut
669 2700 703 2761 et
722 2695 755 2760 in
776 2717 916 2782 graeca,
944 2701 1117 2762 certamen
1147 2697 1301 2786 prolecto

183 2809 216 2867 et
239 2802 415 2868 altercatio
445 2823 560 2867 eoram
585 2800 741 2885 Menelao
768 2802 872 2867 luerit
895 2803 984 2868 inter
1015 2804 1298 2893 Neoptolemum,

183 2910 238 2975 eui
264 2909 344 2976 data
373 2909 498 2995 conjux
523 2908 710 2976 Hermiona
728 2910 859 2992 fuisset,
883 2914 917 2975 et
941 2909 1114 2995 Orestem,
1142 2913 1196 2978 eui
1224 2935 1303 3002 pro·

183 3017 318 3083 missat.
336 3015 491 3106 Denique
502 3016 567 3083 ista
588 3017 660 3082 sine
679 3015 785 3082 dubio
806 3038 880 3085 esse
900 3016 1021 3084 debuit
1040 3020 1144 3089 totius
1163 3019 1301 3086 fabulae

215 3218 238 3267 1.
257 3219 293 3268 Gt.
312 3219 352 3271 Tr.
374 3219 498 3280 latret,
515 3221 554 3271 ed.
578 3221 699 3281 Ribbeck,
715 3237 740 3284 p.
760 3221 799 3281 53,
816 3222 846 3270 tr.
872 3235 926 3283 nnn
943 3221 1054 3280 Brasaca,
1078 3223 1104 3271 d.
1124 3224 1189 3271 reim.
1214 3223 1301 3289 Trea,

182 3306 208 3354 p.
224 3290 342 3356 140sqq:

214 3362 238 3414 2.
258 3363 372 3426 Rrsaeun,
398 3379 439 3428 op.
465 3366 520 3424 cit,
543 3379 566 3426 p.
589 3363 628 3424 31,
652 3365 713 3413 Livii
743 3364 878 3413 Andronici
900 3364 1057 3415 Hermionae
1084 3372 1250 3429 argumentum
1272 3382 1302 3417 ex

184 3435 273 3484 Hruuu
292 3436 374 3484 tabula
388 3436 434 3485 123
457 3437 584 3484 verisimili
609 3436 751 3497 conjectura
765 3437 893 3485 restituere
911 3437 968 3484 mihi
989 3438 1094 3495 videtur,
1110 3444 1213 3501 excepto
1236 3440 1303 3502 quod

183 3507 248 3554 intra
261 3507 291 3554 de
306 3507 476 3556 Andromacha
491 3508 707 3556 animadversurus
723 3521 784 3557 sum.
794 3535 831 3571 ‚-
851 3508 949 3556 l'aeuvii
968 3509 1134 3557 Hermionam
1151 3509 1303 3573 Sophocleae

185 3579 334 3627 consimilem
350 3580 425 3628 luisse
437 3580 538 3627 ltinouun
553 3593 607 3627 cum
622 3577 745 3627 Wunenea
761 3580 882 3642 opinatur.

215 3647 239 3699 3.
257 3649 391 3709 Wuscusn,
409 3665 433 3712 p.
451 3650 511 3709 aab
530 3650 639 3709 Brasaca,
653 3649 679 3699 d.
698 3653 762 3698 ro'm.
781 3651 867 3714 Troy„
884 3666 907 3713 p.
923 3651 1036 3700 261-262.

216 3721 239 3771 l.
258 3720 328 3779 Quod
347 3721 465 3784 saprade
481 3722 522 3768 illo
538 3721 682 3783 liuripideae
695 3722 905 3778 Andromachae,
922 3724 1016 3784 quatem
1031 3723 1135 3783 induxit,
1152 3725 1216 3786 apud
1228 3725 1303 3774 Grae-

185 3806 228 3840 cos
245 3794 352 3840 novitate
367 3797 389 3840 et
409 3794 538 3841 insolentia
557 3793 648 3852 notavi,
666 3793 729 3840 idem
746 3793 793 3841 hoc
816 3795 892 3856 magis
916 3795 989 3842 etiam
1014 3795 1105 3842 Latinis
1126 3798 1305 3857 spectatoribus

186 3864 308 3924 convenit,
324 3864 413 3926 quibus
436 3865 558 3912 fastidium
575 3865 710 3914 movissent
733 3865 833 3914 frivolae
857 3866 918 3914 istae
942 3867 1005 3913 inter
1028 3880 1126 3914 uxorem
1150 3871 1173 3914 et
1191 3867 1305 3929 pellicem

185 3935 368 3984 altercationes.

217 4007 240 4054 5.
262 4007 394 4066 Wnueuen,
407 4022 447 4070 op.
459 4009 514 4066 cit,
531 4023 554 4070 p.
571 4007 617 4056 220
632 4023 686 4071 sqq.
704 4035 735 4044 -
751 4008 825 4071 Cujus
841 4009 1004 4056 contentionis
1019 4013 1175 4057 monumenta
1190 4024 1305 4060 recenseo

187 4080 234 4127 ista
255 4078 353 4128 Pacuvn
375 4080 439 4142 apud
461 4079 555 4127 Nosrun
578 4081 733 4141 fragmenta:
755 4080 781 4127 1ο
797 4080 845 4143 (ed.
872 4080 898 4131 L.
920 4080 1041 4138 hionnam,
1062 4079 1241 4144 1,p.261):«
1262 4086 1306 4131 tna

183 4150 288 4214 judicio
304 4164 372 4214 qaae
387 4165 473 4198 omnes
489 4150 582 4199 Graios
597 4152 729 4199 tetinerim
744 4151 771 4213 (i.
787 4165 809 4202 e.
825 4151 979 4208 detinuerim,
997 4151 1170 4214 devinxerim):
1184 4153 1210 4201 L.
1227 4153 1307 4202 Munu-

187 4237 248 4271 nnn:
264 4243 275 4267 a
293 4223 317 4271 Si
337 4227 402 4272 reete
418 4223 550 4286 babetJam
565 4237 663 4282 versus,
680 4225 756 4271 verba
771 4227 828 4271 sunt
846 4223 991 4271 Hermionae
1011 4223 1041 4270 ad
1057 4222 1176 4285 Orestem,
1192 4226 1229 4274 vel
1246 4227 1307 4288 Pyr-

188 4295 267 4355 rhum,
283 4295 490 4357 pulchritudinem
503 4296 555 4355 ejus
568 4294 724 4343 extollentem
741 4309 766 4354 »;
782 4321 814 4330 -
829 4295 855 4342 20
871 4292 955 4356 (ibid,
975 4293 994 4351 l,
1010 4309 1035 4355 p.
1054 4294 1129 4356 356):
1147 4316 1158 4339 u
1174 4295 1244 4360 qnod
1259 4298 1307 4358 (vel

189 4370 253 4429 quot
266 4367 450 4429 <tropaea>t
471 4380 517 4430 eqo
533 4367 560 4414 in
571 4367 626 4415 acie
643 4366 732 4415 crebro
747 4365 881 4430 objectans
896 4366 979 4414 citam
997 4364 1116 4414 tettando
1131 4367 1279 4431 aptabam
1295 4387 1306 4412 a

188 4451 250 4500 quae
264 4438 363 4501 quidem
386 4439 461 4487 verba
479 4438 620 4487 alterutrius
636 4454 665 4487 ex
685 4439 803 4487 heroibus
818 4437 997 4487 aemulantibus
1018 4436 1117 4501 (Pyrrhi
1134 4439 1215 4507 potius¹
1237 4454 1308 4503 quam
