2940 5076
592 381 689 428 curor
715 376 865 428 rnnrtun.
1250 359 1293 423 85

173 557 287 624 minus
306 555 427 624 deceat
442 555 516 643 jam
538 562 709 623 maturam
728 562 839 623 aetate
859 556 1057 636 mulierem,
1077 553 1292 644 eandemque

173 664 347 751 reginam,
371 686 407 730 se
429 665 539 753 ipsam
559 663 625 733 sibi
649 664 740 731 ultro
766 663 898 753 fingere
916 665 953 730 in
971 667 1149 753 posterum
1175 688 1191 722 «
1213 683 1293 728 can·

174 771 257 838 dida
270 771 543 863 permulcentem
560 800 577 835 »
594 773 732 840 Aeneae
754 772 931 862 (tanquam
952 769 1141 838 Ariadnam
1155 767 1291 860 Thesei)

408 1058 455 1074 .....
459 1019 582 1086 liquidis
596 1019 722 1087 vestigia
734 1019 873 1086 lymphis,

173 1243 379 1334 Aeneaeque
412 1245 540 1312 lectum
573 1272 588 1307 a
620 1267 776 1336 purpura
805 1247 901 1311 vesta
932 1271 948 1306 a
973 1212 1289 1311 consternentem...

173 1350 299 1421 Tantas
313 1356 453 1443 tamque
471 1352 659 1441 flagitiosas
672 1374 788 1419 rerum
800 1374 941 1420 suarum
956 1351 1163 1418 mutationes
1179 1351 1293 1418 animo

174 1459 246 1526 sine
264 1459 399 1550 pudore
416 1461 616 1551 praecipere
636 1460 889 1528 homericarum
903 1459 1110 1526 feminarum
1124 1463 1175 1526 est
1189 1480 1196 1542 3
1215 1463 1295 1526 sunt

174 1565 393 1655 Vergilianae
412 1567 673 1638 fastidiosiores.

218 1673 268 1742 De
295 1674 479 1765 Apollonio
505 1698 642 1767 quoque
671 1676 822 1743 mutuari
841 1675 973 1766 aliquid
999 1673 1193 1762 Vergilium
1223 1674 1295 1740 ani-

173 1781 390 1850 madvertere
419 1788 486 1867 est,
514 1784 644 1851 scilicet
674 1782 762 1851 illud
786 1783 1001 1874 Hypsipylae
1025 1805 1046 1848 a
1073 1781 1200 1849 Jasone
1232 1781 1295 1848 de·

174 1892 337 1959 sertae¹:

394 2035 430 2115 ἢν
446 2033 499 2120 ἄρα
514 2035 548 2109 δή
563 2060 598 2115 με
615 2039 671 2096 θεοὶ
685 2033 767 2097 δόωσι
783 2036 915 2097 τεκέσθαι
923 2033 944 2098 ².

175 2278 245 2346 Sed
263 2299 376 2368 neque
395 2275 482 2344 illud
496 2276 565 2342 tale
579 2275 711 2366 profert
726 2275 828 2365 quale
843 2276 985 2342 invenit.
1002 2273 1089 2340 Nam
1105 2295 1184 2341 eum
1203 2275 1293 2342 sicco

174 2384 324 2476 quodam
340 2384 530 2450 laconismo
549 2382 614 2450 hoc
634 2382 676 2449 de
697 2382 910 2473 Hypsipylae
930 2404 990 2449 ore
1009 2387 1127 2448 votum
1149 2381 1290 2464 excidit,

172 2496 275 2581 atque
301 2496 419 2582 utpote
451 2489 546 2580 quod
571 2513 638 2556 uno
663 2495 796 2556 tantum
822 2489 946 2572 verbo,
977 2492 1011 2555 et
1042 2489 1102 2556 illc
1129 2489 1289 2579 proprio,

172 2600 386 2682 enuntiatum
401 2598 455 2679 sit,
478 2597 687 2664 inurbanum
706 2597 822 2664 nescio
836 2595 920 2687 quid
940 2601 974 2664 et
992 2600 1128 2682 agreste
1148 2595 1253 2662 habet
1265 2596 1290 2664 ³.

171 2705 346 2793 Vergilius
383 2710 503 2772 contra
546 2727 643 2795 spem
683 2704 845 2786 eandem,
885 2703 1042 2795 pluribus
1087 2703 1290 2793 explicatam

171 2812 303 2896 verbis,
333 2835 374 2881 eo
397 2813 472 2903 ipso
501 2815 674 2894 extenuat,
695 2811 859 2901 illamque
879 2810 1038 2900 pariendi
1056 2810 1291 2901 appetentiam

170 2941 240 2985 non
259 2931 467 3012 φυσιολογικῷ,
488 2918 664 3009 Apollonii
687 2918 806 3001 instar,
832 2917 1002 2984 vocabulo
1022 2915 1207 3004 siguificat,
1230 2915 1291 2982 sed

170 3024 231 3091 illa
249 3025 416 3115 lepidiore
436 3025 607 3107 mulieris,
627 3023 836 3112 jamdudum
856 3024 976 3090 matris
995 3024 1118 3106 iactae,
1140 3023 1289 3110 imagine

172 3137 326 3198 ornatam
346 3131 576 3199 dissimulat⁴.

204 3353 557 3415 t.1dtereunumest‚quo
576 3351 679 3401 Didonis
701 3367 755 3401 cnm
775 3353 858 3401 Aenea
876 3366 943 3401 amor
965 3352 1063 3401 lasonis
1084 3365 1138 3400 cum
1158 3350 1292 3415 Hypsipyle

173 3439 278 3474 amorem
289 3427 323 3489 (iu
339 3427 438 3487 Arpon.
450 3425 528 3486 primo
543 3424 606 3472 libro
616 3425 748 3487 narratum)
762 3425 859 3473 reserat.
873 3424 1006 3486 Perperam
1021 3422 1291 3484 dominicaturam,

174 3512 197 3559 p.
213 3511 306 3556 xxxvn,
318 3497 435 3545 imitatum
452 3496 527 3544 tuisse
543 3495 675 3556 Vergilium
691 3495 750 3544 dicit
769 3497 833 3544 hunc
850 3496 929 3544 locum
944 3495 1082 3558 Apollonii,
1093 3495 1188 3543 etiamsi
1205 3494 1293 3543 latetur

173 3568 235 3617 illud
250 3568 338 3617 iactum
353 3568 429 3616 inisse
446 3588 458 3613 a
474 3569 501 3616 in
516 3581 576 3629 very
591 3567 716 3632 different
730 3567 841 3616 coloars.
859 3586 871 3610 n
950 3598 955 3606 ·

204 3640 228 3691 2.
243 3642 351 3706 Arpoa„
368 3639 385 3701 l,
401 3638 456 3689 899.

203 3711 227 3760 3.
241 3710 313 3770 Quod
328 3710 427 3760 Oramus
437 3709 564 3773 (Hernici,
580 3725 623 3769 vu,
641 3709 694 3773 135)
707 3711 804 3772 repetit,
819 3709 863 3759 sed
878 3714 970 3759 mutata
984 3715 1008 3759 et
1019 3711 1122 3760 vitiata:

359 3855 460 3898 Forsitan
475 3859 497 3897 at
508 3853 624 3910 gravidam
635 3853 699 3902 Dido.
713 3853 828 3906 scelerate,
840 3853 963 3908 relinquas,

359 3930 455 3973 parsque
467 3917 500 3961 tui
512 3918 578 3960 lateat
587 3929 679 3972 corpore
690 3916 766 3960 clausa
782 3928 838 3959 meo.

175 4051 294 4101 Ovidtana
308 4052 383 4115 igitur
398 4051 460 4100 Dido
474 4053 568 4100 metuit
585 4066 614 4099 ne
630 4052 705 4100 titium
718 4055 862 4112 susceptura
876 4051 909 4100 sit
923 4065 953 4100 ex
967 4051 1060 4113 Aenea,
1074 4066 1122 4100 non
1136 4051 1237 4114 meret.

205 4123 229 4174 4.
244 4123 311 4172 Nihil
328 4124 393 4172 aliud
411 4138 442 4172 eu
456 4123 563 4186 antiquis
577 4124 657 4186 poetis
672 4123 710 4170 his
725 4123 749 4169 iu
764 4122 826 4170 locis
841 4122 865 4169 in
884 4136 934 4170 rem
955 4137 1022 4171 suam
1042 4109 1293 4184 convertisse'vergi-

174 4195 232 4243 lium
248 4195 364 4254 arbitror,
380 4195 426 4243 etsi
442 4195 544 4256 iusuper
558 4195 716 4242 conterantur
734 4208 747 4240 a
762 4192 885 4255 plerisque
899 4194 1130 4243 commentatoribus
1145 4207 1199 4242 cum
1218 4193 1292 4255 Aea,

175 4265 216 4325 IV,
228 4265 342 4326 aso-326,
357 4264 473 4326 sat-536,
488 4266 535 4314 loci
550 4270 701 4328 sequentes:

252 4365 336 4425 Sora,
351 4364 404 4424 El,
417 4363 465 4413 812
479 4378 515 4427 sq.
535 4378 541 4411 ι
562 4364 644 4414 ...Νῦν
659 4363 686 4416 δὲ
700 4371 744 4414 ποῖ
758 4381 788 4418 aa
803 4361 853 4428 χρὴ
868 4367 968 4426 μολεῖν;

561 4435 634 4501 Μόνη
648 4434 697 4501 γάρ
715 4431 773 4499 εἶμι,
789 4453 814 4484 κ.
827 4453 849 4485 τ.
865 4439 889 4486 λ.
