2940 5076
602 392 700 438 carus
724 390 857 437 rnruuu.
1268 367 1288 430 9

172 570 244 636 sive
270 570 375 659 epicis
395 574 454 634 aut
474 568 608 656 lyricis,
640 567 711 631 sive
739 565 880 651 tragicis
904 562 1122 654 poematibus
1150 561 1290 627 haurire

171 678 207 742 in
227 675 454 763 excogitanda
473 673 737 742 Andromachae
762 694 843 739 suae
862 671 979 738 indole
1003 671 1126 761 potuit.
1148 669 1291 736 Accedit

171 784 259 851 illud
279 785 437 875 insuper:
464 783 551 849 nihil
579 780 691 871 (sicuti
705 781 810 872 paulo
831 784 909 871 post
927 782 1180 845 monstraturus
1201 778 1289 867 sum)

170 892 276 973 nihil,
300 891 462 981 inquam,
492 912 599 976 grave
619 888 781 979 quodque
802 887 949 975 alicujus
975 889 1019 953 sit
1045 887 1222 968 momenti,
1248 885 1290 952 dc

172 998 276 1065 rebus
296 996 569 1064 Andromacheis
588 998 623 1062 in
642 995 787 1081 Vergilii
805 994 960 1062 Aeneide
985 994 1178 1085 expositum
1202 1014 1289 1074 esse,

175 1105 269 1196 qnod
287 1122 356 1172 non
372 1109 406 1171 et
424 1104 560 1171 duahus
580 1103 776 1194 Euripideis
796 1102 922 1169 fabulis
941 1102 1034 1168 insit.

218 1213 355 1304 Duplici
384 1213 491 1299 igitur
522 1212 692 1303 probatur
719 1215 924 1296 argumento
962 1231 1133 1298 nusquam
1168 1209 1235 1275 alio
1273 1231 1294 1274 a

173 1319 346 1408 Vergilio,
374 1319 654 1386 Andromacham
674 1317 910 1398 describente,
940 1315 1095 1382 subsidia
1113 1316 1168 1381 vel
1190 1337 1294 1405 quae-

174 1428 239 1493 sita
264 1427 388 1508 luisse,
410 1426 465 1492 vel
483 1430 640 1516 reperta,
665 1446 769 1514 quam
793 1424 828 1488 in
848 1423 1022 1513 Euripidis
1045 1421 1150 1512 (quod
1174 1422 1295 1488 attinet

173 1534 219 1600 ad
242 1556 296 1600 res
321 1534 425 1624 ipsas)
451 1532 657 1620 tragoediis,
683 1537 743 1598 aut
764 1532 800 1597 in
819 1530 1004 1597 Homerica
1024 1529 1130 1619 (quod
1153 1530 1292 1609 attinet,

173 1646 211 1707 ut
230 1641 375 1731 posthac
394 1640 603 1723 videbimus,
625 1640 670 1706 ad
689 1639 952 1707 Andromachae
972 1637 1098 1727 mores)
1120 1637 1238 1703 Iliade.

721 1945 753 2011 ΙΙ

646 2159 687 2200 Dr.
702 2158 829 2202 DIDONE

220 2378 271 2445 De
291 2378 424 2445 Didone
444 2378 603 2445 breviore
622 2378 915 2445 demonstratione
935 2400 1021 2468 opus
1042 2382 1094 2444 est
1114 2384 1152 2442 ut
1180 2380 1296 2466 pateat

178 2487 246 2552 alia
274 2486 370 2553 nulla
398 2487 555 2577 exempla
582 2485 737 2573 Vergilio
762 2487 891 2554 utenda
921 2485 1072 2552 adfuisse
1112 2485 1178 2551 nisi
1206 2505 1294 2573 quae

174 2616 239 2660 nos
257 2594 326 2684 ipsi
343 2617 435 2660 nunc
450 2598 628 2662 tenemus:
647 2594 723 2661 dico
743 2616 801 2661 eas
820 2594 982 2660 mulieres
1003 2614 1088 2683 quas
1108 2591 1293 2672 Homerus,

174 2701 376 2791 Euripides,
406 2702 622 2792 Apollonius,
650 2702 852 2769 Theocritus
873 2707 907 2769 ct
927 2701 1081 2769 Catullus
1110 2699 1153 2766 ah
1181 2704 1294 2766 amato

173 2809 248 2875 viro
268 2809 450 2876 derelictas
471 2809 685 2876 effinxerunt.

219 2916 360 2983 Nullum
381 2918 473 2982 enim
492 2917 586 3007 apud
606 2919 766 3008 antiquos
791 2923 869 2986 ante
893 2918 1086 3005 Vergilium
1105 2917 1211 2983 luisse
1238 2915 1294 2980 vel

173 3025 344 3112 tragicum
369 3024 412 3091 de
431 3024 565 3092 Didone
590 3027 645 3091 vel
672 3028 808 3118 epicum
834 3028 889 3093 vel
910 3027 1058 3115 lyricum
1079 3048 1235 3108 carmen,
1257 3023 1293 3090 id

173 3137 329 3200 veterum
366 3132 529 3201 Aeneidis
570 3138 877 3201 commentatorum
926 3135 1062 3201 silentio
1099 3134 1292 3201 indubitate

174 3239 361 3324 significari
379 3241 465 3306 mihi
483 3242 602 3330 liquet.
618 3240 752 3332 Quippe
773 3243 872 3329 cujus
892 3244 1007 3333 operis
1026 3264 1152 3309 nomen
1170 3241 1293 3308 saltem

173 3368 214 3412 ac
232 3347 370 3415 titulum
389 3348 578 3415 doctissimi
596 3349 759 3416 Aeneidis
774 3352 992 3440 interpretes
1008 3348 1147 3417 Servius
1167 3369 1292 3438 nempe

174 3459 233 3520 aut
251 3453 459 3540 Macrobius
481 3456 635 3547 profecto
655 3457 889 3540 tradidissent,
913 3459 940 3524 si
960 3458 1054 3547 qnod
1072 3458 1205 3524 fuisset.

218 3561 387 3629 Naevium
412 3586 493 3630 sanc
514 3572 548 3631 ct
564 3564 713 3631 Ennium
744 3566 785 3632 de
806 3565 938 3633 Didone
964 3566 1141 3656 scripsisse
1162 3564 1289 3654 aliqua,

172 3669 265 3736 hunc
283 3671 318 3736 in
337 3671 527 3738 Annalium
543 3673 633 3738 lihro
648 3675 777 3764 prime,
794 3674 892 3740 illum
912 3675 946 3740 in
965 3673 1174 3740 Pum'corum
1194 3673 1291 3738 initio

173 3781 270 3842 const
293 3782 317 3844 t.
329 3777 481 3867 Uterque
503 3781 606 3863 enim,
629 3781 776 3847 alterum
796 3782 905 3847 altero
924 3782 1092 3864 imitante,
1110 3781 1240 3846 Romae
1258 3785 1292 3845 et
1336 3867 1338 3870 Ι

172 3881 390 3971 Carthaginis
405 3912 420 3946 «
434 3888 751 3976 potentissimarum
762 3893 874 3955 aetate
888 3911 950 3956 sna
962 3889 1100 3956 urbium
1113 3896 1146 3954 et
1155 3889 1293 3979 imperii

171 3991 386 4057 aemularum
411 3993 515 4059 simul
533 3995 739 4061 rettulerunt
759 3996 910 4080 exordia,
932 3997 1152 4085 originesque
1173 3995 1292 4062 amba-

170 4120 248 4164 rum
268 4099 384 4188 aliquo
404 4100 507 4166 modo
526 4102 616 4169 inter
635 4125 671 4168 se
692 4103 975 4190 conjunxerunt¹.
998 4103 1100 4171 »Sed
1121 4105 1220 4170 sicuti
1243 4127 1293 4170 re-

170 4206 381 4273 centioribus
396 4208 535 4292 criticis,
554 4211 704 4276 exactius
725 4211 814 4276 hanc
833 4233 907 4277 rem
928 4215 1100 4296 scrutatis,
1117 4212 1213 4278 haud
1228 4213 1291 4278 im-

204 4454 225 4507 1.
244 4456 270 4508 L.
289 4457 411 4518 lluaccan,
427 4457 495 4507 Enni
509 4463 535 4508 et
550 4459 631 4510 Naeui
642 4461 780 4529 reliquiae,
797 4477 821 4526 p.
838 4476 977 4511 xxm-mv.
