2940 5076
627 393 821 439 PROOEMIUM.
1256 392 1289 436 ΙΙΙ

170 569 276 635 fuisse
290 590 301 651 ;·
330 567 523 653 Vergilium
558 568 684 635 deinde
718 590 855 635 carmen
888 588 988 633 suum
1021 588 1099 633 cum
1129 567 1294 634 historica

171 674 321 765 quadam
341 698 435 756 eura,
454 697 522 741 non
540 698 618 742 cum
638 677 773 766 poetica
790 676 960 757 libertate,
974 673 1189 755 elaborasse3
1207 674 1294 739 veri-

171 787 277 849 tatem
292 804 410 848 rerum
425 784 688 872 praeteritarum
703 783 849 849 adsidua
861 781 1041 869 diligentia
1055 785 1089 846 et
1103 780 1204 870 plane
1219 803 1295 846 eru-

171 888 322 955 ditorum
350 890 419 955 ritu
447 889 503 955 vel
529 890 564 955 in
592 891 742 955 minimis
767 893 988 979 persecutum
1017 888 1141 970 fuisse3
1172 909 1295 953 monu-

172 1002 289 1063 menta
312 997 490 1062 vetustatis
516 996 668 1087 undique
694 998 842 1079 eruisse,
865 995 991 1085 quibus
1015 994 1167 1061 collectis
1191 993 1296 1060 artifi-

173 1104 305 1170 ciosum
330 1125 428 1193 opus.
453 1103 637 1187 conssaret;
674 1143 718 1152 -
748 1126 817 1169 non
851 1101 1012 1191 equidem
1049 1123 1191 1192 possum
1225 1123 1296 1167 non

93 1227 100 1237 ·
171 1211 284 1276 vereri
303 1232 346 1276 ne
366 1210 446 1276 hine
464 1238 480 1272 «
502 1211 637 1278 occasio
657 1208 938 1300 reprehendendi
958 1236 974 1271 »
999 1208 1048 1296 (ut
1067 1207 1295 1276 Macrobianis

172 1316 288 1383 verbis
321 1317 432 1407 utar)¹
462 1346 478 1380 a
502 1318 564 1384 vel
592 1318 762 1407 imperitis
787 1317 842 1382 vel
869 1316 1030 1402 malignis
1060 1316 1253 1381 ministrata
1278 1342 1294 1376 a

173 1424 287 1490 fuerit.
315 1424 406 1491 Num
433 1425 546 1492 adhuc
574 1426 630 1493 vel
658 1425 758 1492 nobis
786 1426 884 1515 ipsis,
914 1463 958 1474 “·
983 1422 1152 1506 candidiS,
1179 1445 1294 1513 spero,

171 1531 361 1618 judicibus
392 1572 436 1581 —
462 1532 637 1619 Vergilius
662 1533 756 1599 idem
784 1533 843 1598 ille
870 1537 948 1598 ante
977 1532 1094 1599 oculos
1124 1534 1294 1612 versatur,

174 1661 277 1728 quom
296 1640 419 1729 proavi
433 1641 541 1706 nostri
561 1642 716 1708 venerati
730 1646 820 1721 sunt,
833 1645 998 1729 tanquam
1013 1640 1130 1705 innato
1149 1643 1182 1704 et
1198 1639 1297 1727 quasi

175 1748 320 1834 mystico
348 1749 692 1830 instinctu,.tametsi
714 1748 886 1838 perpolita
910 1752 1021 1813 aetate
1047 1745 1206 1832 degeret,
1233 1747 1298 1812 irn-

175 1854 333 1943 pulsum,
367 1855 532 1945 nulloque
573 1855 784 1945 profluentes
819 1855 939 1921 labore
972 1859 1091 1921 cantus
1122 1852 1298 1920 effunden-

178 1963 274 2027 tem?
289 1961 410 2028 Nonne
426 1961 572 2050 Vergilii
585 1964 700 2049 imago
717 1963 817 2029 nobis
834 1986 855 2028 a
868 1962 1060 2048 majoribus
1074 1961 1202 2028 tradita
1216 1983 1298 2051 pau·

174 2067 272 2135 latim
298 2069 334 2134 in
351 2069 474 2135 animis
499 2070 624 2136 nostris
645 2074 876 2136 commutatur
895 2074 928 2135 et
947 2068 1173 2152 adulteratur,
1196 2069 1298 2134 simul

176 2316 247 2381 pulsu
258 2332 331 2381 quam
344 2333 387 2367 sua
402 2318 527 2367 voluntate
539 2322 563 2367 et
575 2319 647 2367 animi
663 2319 820 2368 inclinatione
835 2319 933 2368 videtur
948 2323 1027 2367 motus
1038 2332 1102 2367 esse.
1115 2336 1126 2362 n
1136 2317 1172 2366 Ci.
1181 2318 1298 2368 Tauriac-

175 2389 300 2449 Scuwaaa,
315 2405 340 2452 p.
356 2390 402 2439 484
416 2405 422 2438 z
434 2409 445 2434 «
458 2389 527 2438 Aber
540 2389 620 2438 weieir
631 2390 687 2438 tend
697 2390 850 2453 nnclipiebip
861 2392 908 2439 wie
918 2405 946 2438 en
955 2404 1010 2438 uiui·
1019 2390 1075 2438 nnd
1084 2389 1151 2438 obite
1161 2391 1207 2438 den·
1215 2390 1299 2441 sicbe-

176 2475 222 2510 rcn
238 2461 304 2510 Talai
317 2461 363 2510 dea
379 2462 471 2511 Gentes
482 2461 551 2511 eructa
564 2462 667 2526 Stoffen
681 2462 794 2521 tusteud,
809 2461 875 2511 trtsst
888 2477 915 2510 er
927 2461 983 2510 sicli
995 2461 1063 2510 aucta
1075 2476 1123 2510 von
1136 2476 1237 2510 uuaaem
1249 2464 1304 2526 anf

180 2533 314 2596 Voruritrfe
322 2534 422 2596 fethren
432 2534 514 2582 (terren
523 2533 592 2582 scine
602 2533 743 2598 Bepntunp
754 2534 827 2582 nicht
838 2534 912 2582 recht
922 2532 1070 2596 eratsprueb.
1083 2551 1095 2576 u
1106 2533 1182 2581 Nimis
1193 2535 1300 2582 altirma-

175 2606 224 2653 tire
239 2605 339 2664 dictum,
356 2606 427 2654 sicuti
444 2610 509 2654 reete
528 2606 642 2653 admonet
660 2605 804 2653 Narracsinr
821 2606 981 2667 (Consanos,
1000 2604 1112 2664 lntrod„
1131 2603 1217 2667 ibid).
1240 2605 1300 2654 Saa-

176 2690 231 2724 vius
245 2677 318 2736 enim,
333 2678 358 2724 in
372 2677 538 2726 commentarii
553 2677 677 2739 prooemio
693 2677 741 2738 (ed.
751 2676 827 2725 Tauno
845 2681 869 2724 ct
885 2677 975 2735 Hiera,
992 2680 1009 2724 t.
1027 2677 1044 2738 l,
1061 2691 1085 2739 p.
1100 2676 1123 2738 2)
1137 2677 1299 2740 propositum

177 2761 191 2793 a
207 2747 310 2796 Caesare
324 2747 432 2811 Vergilio
450 2748 583 2797 Aeneidem
599 2749 765 2796 tantummodo
784 2748 850 2805 dicit,
867 2761 945 2810 neque
965 2748 1070 2810 amplius
1084 2763 1097 2796 e
1112 2748 1222 2798 Sucronn
1240 2749 1299 2798 Vita

181 2817 287 2881 Vergilii
302 2819 340 2881 (n⁰
354 2819 392 2879 21,
402 2819 442 2867 ed.
457 2819 611 2882 Narraasmr)
627 2819 716 2880 conjici
732 2823 820 2881 potest.
837 2818 1009 2867 Praetenditar
1020 2833 1116 2882 quoque
1131 2823 1244 2883 tanquam
1259 2835 1299 2869 ar-

177 2894 314 2953 gumentum
329 2890 430 2953 Vergilii
452 2891 483 2939 ad
503 2892 639 2954 Augustam
661 2891 765 2953 epistota
787 2905 793 2938 z
814 2910 826 2934 «
845 2890 947 2939 Tantum
967 2891 1081 2940 inchoata
1101 2905 1150 2953 reS,
1174 2895 1200 2940 ut
1222 2907 1299 2955 paene

177 2962 239 3011 vitto
260 2964 355 3010 nectitis
380 2965 486 3011 tanturn
508 2977 569 3025 opus
588 2964 715 3026 ingressas
734 2962 791 3009 mihi
814 2962 927 3012 videar...
943 2981 954 3005 a
975 2961 1050 3020 Quam
1071 2968 1151 3012 autern
1172 2964 1299 3026 epistolam

179 3032 280 3081 liraaacu
304 3034 410 3096 spuriam
431 3038 514 3096 putat,
533 3035 590 3096 quia
609 3033 742 3081 Aeneidem
763 3038 819 3082 tunc
842 3034 959 3097 temporis
985 3034 1092 3097 (quando
1118 3035 1213 3083 scilicet
1233 3034 1299 3099 apud

179 3103 313 3154 Cantabros
327 3105 452 3168 Augustus
466 3105 618 3167 versabatur)
637 3106 677 3152 vix
703 3105 840 3153 inchoatam
864 3120 949 3167 parum
966 3106 1098 3154 verisimile
1118 3111 1163 3155 est.
1184 3106 1234 3155 Sed
1253 3108 1298 3156 etsi

179 3175 240 3224 fides
254 3176 411 3224 addubitatae
424 3176 464 3223 isti
480 3175 597 3239 epistolae
613 3176 645 3224 sit
658 3176 806 3236 adhibenda,
819 3190 866 3224 nou
881 3177 911 3225 ad
927 3177 1027 3225 verbum
1042 3191 1070 3225 ea
1084 3178 1239 3241 interpretari
1254 3179 1299 3226 de-

177 3245 276 3294 beamus
290 3260 352 3308 quae
367 3246 398 3294 de
416 3260 442 3294 se
457 3245 580 3307 Vergilius
595 3246 731 3308 scripserit.
748 3245 842 3309 Quippe
855 3261 903 3309 qua
919 3247 992 3295 luerit
1009 3246 1034 3294 in
1050 3246 1201 3296 excudendis
1217 3249 1300 3310 operi·

178 3316 223 3364 bus
239 3316 291 3364 suis
310 3317 449 3376 sedulitate,
462 3331 491 3364 ea
506 3317 584 3363 minus
600 3316 703 3364 libenter
723 3316 810 3364 alienis
829 3317 906 3364 oculis
921 3318 1062 3366 exhibuisse
1083 3318 1205 3379 existimo,
1221 3319 1299 3367 donec

178 3387 208 3435 iis
226 3387 434 3450 qualitercumque
447 3391 576 3436 contentus
589 3391 662 3436 esset.
674 3387 724 3436 Nec
736 3388 814 3449 aliter,
831 3415 861 3424 -
877 3389 996 3451 siquidem
1011 3403 1094 3438 verum
1113 3392 1151 3436 est
1165 3388 1299 3452 Vergilium

178 3459 311 3520 optavisse,
328 3459 375 3507 imo
390 3459 524 3522 imperasse
549 3463 574 3506 ut
593 3458 663 3507 amici
684 3478 696 3502 u
719 3459 738 3506 si
758 3460 817 3521 quid
836 3460 883 3507 sibi
898 3461 1030 3509 accidisset
1047 3460 1156 3508 Aeneida
1170 3462 1298 3510 combure-

177 3533 230 3576 rent
243 3546 255 3571 »
270 3528 390 3592 (Saarna,
404 3530 430 3577 iu
444 3530 495 3578 vita
505 3529 616 3592 Vergilii,
627 3540 654 3576 n⁰
666 3528 715 3592 39),
728 3535 809 3578 votum
824 3531 937 3579 illudant
951 3532 1089 3579 mandatum
1107 3531 1298 3594 intellegendum

177 3603 222 3647 est.
236 3599 332 3661 Optimo
344 3602 408 3648 enim
418 3601 505 3663 cuique
516 3602 541 3648 iu
552 3600 664 3648 omnibus
674 3601 817 3650 liberalibus
828 3602 922 3650 artibus
934 3602 1029 3649 animus
1044 3602 1174 3665 aliquando
1190 3604 1251 3651 solet
1260 3604 1298 3650 in-

177 3670 265 3734 frangi,
281 3672 389 3735 illudque
407 3673 551 3735 praesertim
568 3672 609 3720 ubi
625 3673 760 3721 coniectum
775 3687 837 3736 opus
851 3687 905 3720 cum
927 3673 968 3721 illa
988 3673 1097 3735 perlecta
1110 3674 1299 3736 pulchritudiuis

178 3743 259 3804 specie
283 3748 363 3805 poeta,
376 3758 448 3806 quarn
472 3743 551 3792 animo
576 3743 696 3806 concepit,
717 3747 859 3805 comparat;
878 3757 956 3806 eoque
975 3745 1052 3807 magis
1074 3745 1139 3794 labat
1159 3746 1238 3794 bonas
1256 3759 1297 3793 ar-

177 3814 236 3861 tiiex
247 3828 294 3876 quo
308 3814 401 3875 majora
415 3815 482 3877 cupit
496 3815 631 3877 altioraque
645 3819 747 3877 spectat.
764 3816 847 3877 Neque
868 3819 949 3863 tamen
963 3816 1062 3864 nimium
1075 3817 1227 3879 querelarum
1243 3817 1298 3865 ista·

177 3898 230 3933 rum
244 3889 268 3932 et
282 3885 483 3945 sollicitudinum,
499 3901 561 3949 quae
577 3886 674 3948 quidem
690 3900 763 3948 saepo
777 3886 843 3933 haud
859 3887 934 3935 multo
950 3891 1005 3948 post
1016 3887 1163 3946 dilabantur,
1179 3888 1297 3936 rationein

178 3955 267 4004 habere
282 3970 325 4018 par
339 3960 384 4006 est.
407 3956 476 4019 Sapit
491 3958 515 4005 in
535 3957 580 4005 hoc
600 3971 695 4020 quoque
710 3956 845 4005 Coarncroa
868 3972 874 4005 z
896 3977 907 4003 a
923 3958 1032 4022 Riptilp
1049 3959 1217 4017 understood,
1239 3960 1298 4008 that

177 4029 250 4091 πονο]
264 4041 344 4076 seems
359 4033 383 4076 to
397 4028 504 4077 contuin
526 4031 572 4077 not
587 4043 603 4077 a
619 4029 766 4092 conifession
787 4029 848 4078 tam
866 4028 896 4078 be
912 4030 965 4080 bad
979 4030 1109 4080 mistaten
1131 4030 1173 4079 itis
1189 4045 1298 4093 powers,

179 4097 225 4146 but
238 4097 333 4162 sirnpty
348 4113 395 4147 one
412 4113 483 4148 more
496 4100 615 4149 instance
631 4101 663 4164 of
677 4100 719 4149 tire
733 4100 881 4164 fastidiens
895 4102 950 4152 and
968 4103 1091 4165 cructtnp
1106 4105 1200 4151 nature
1214 4104 1246 4165 of
1256 4102 1299 4152 bis

178 4168 376 4233 aelf-criticam.
393 4189 405 4214 u
420 4197 451 4207 -
466 4170 503 4221 (ΙΙ.
518 4170 547 4222 G.
563 4172 682 4231 Borssma,
699 4173 735 4221 Lu
748 4171 868 4237 Religion
883 4176 1010 4233 roiriaine,
1022 4178 1039 4222 t.
1055 4175 1074 4233 Ι,
1086 4189 1110 4238 p.
1121 4173 1235 4223 ras-229.

209 4241 231 4288 1.
250 4241 369 4300 Sutura,
383 4242 400 4292 l.
411 4241 452 4301 Vl,
469 4256 491 4290 c.
509 4256 525 4293 r.
541 4242 612 4305 Apud
626 4243 776 4292 ltacrobium
792 4244 929 4308 Euangelus
945 4246 1078 4308 Vergilium
1092 4246 1203 4294 inscitiae
1217 4247 1299 4309 potius

178 4326 248 4374 quam
266 4313 354 4362 nimiae
369 4313 512 4362 imitationis
526 4314 657 4363 insimulat.
674 4314 727 4364 Non
741 4330 801 4365 vero
820 4316 920 4366 deluere
935 4317 999 4366 inter
1015 4317 1114 4381 Vergilii
1130 4318 1242 4379 aequales
1257 4319 1298 4382 qui

180 4396 234 4430 eum
248 4383 305 4431 furti
323 4388 483 4446 accusarent;
499 4385 530 4434 de
544 4399 592 4449 quo
608 4385 664 4435 vide
677 4386 788 4446 Brasaca,
803 4385 1000 4453 Proteqomenu,
1014 4404 1039 4452 p.
1055 4387 1101 4451 99;
1114 4389 1154 4438 vel
1169 4388 1297 4442 desolati.

179 4455 244 4503 rim.
256 4454 399 4519 Dtchtnnp,
411 4459 428 4504 t.
445 4454 476 4516 ll,
489 4470 514 4519 p.
532 4456 615 4509 53-58.
