2940 5076
564 371 661 417 curun
687 371 835 418 rnnrruu.
1221 352 1264 416 95

142 550 282 632 gentem
311 544 442 635 aliquid
476 567 654 635 peccasse,
687 547 815 613 scilicet
845 543 938 635 quod
970 545 1030 611 illa
1057 544 1263 635 proditionis

141 654 246 720 amati
273 654 336 719 viri
360 654 450 719 facta
478 654 605 720 certior
633 676 711 720 cum
740 654 847 720 multo
881 652 1013 740 majore
1047 652 1263 721 vehementia

139 761 336 849 fiduciaque
355 759 446 831 Deos
469 761 607 827 invocat
631 782 736 851 quam
761 762 903 851 quaevis
927 783 996 827 una
1020 759 1262 828 derelictorum

43 876 46 880 '
140 867 235 958 apud
252 868 416 957 pristinos
436 872 555 957 poetas
571 867 769 934 heroidum.
789 867 875 934 Nam
897 868 1065 934 incertum
1085 867 1261 958 quoddam

85 991 90 996 “
142 979 175 1041 et
192 974 337 1041 dubium
355 973 604 1064 Apollonianae
623 974 765 1043 Medeae
784 974 900 1044 verbis
920 976 1021 1057 inest,
1039 974 1210 1043 lunonem
1231 982 1264 1043 et

141 1080 315 1148 Justitiam
342 1081 495 1149 timidius
524 1083 687 1164 oranti¹;
717 1123 760 1131 —
788 1081 855 1148 sibi
886 1088 1000 1148 autem
1030 1082 1098 1173 ipsi
1127 1082 1263 1174 Euripi·

127 1189 207 1256 ‘dea
234 1188 357 1258 Medea
388 1190 504 1279 potius
532 1212 637 1279 quam
665 1189 738 1256 Diis
767 1190 926 1273 contidit,
956 1179 1116 1279 Deosque
1147 1191 1261 1281 potius

140 1297 280 1364 ultionis
304 1319 386 1364 suae
409 1301 514 1364 testes
538 1319 643 1387 quam
663 1297 791 1366 ultores
812 1298 985 1388 appellat;
1011 1335 1048 1348 -
1071 1296 1262 1365 Catulliana

140 1403 288 1494 denique
303 1403 457 1470 Ariadna
469 1403 597 1490 frigida
611 1426 694 1470 voce
709 1404 800 1470 Deos
816 1405 1012 1494 compellat,
1029 1405 1129 1494 quasi
1144 1410 1261 1473 coacto

140 1516 175 1578 et
192 1511 305 1578 inutili
323 1510 551 1598 neglegenter
567 1511 733 1597 fungatur
752 1511 905 1593 officio²;
927 1551 971 1560 —
994 1535 1105 1603 neque
1124 1511 1262 1579 illarum

140 1619 211 1686 ulla
229 1622 323 1684 tanto
344 1617 477 1684 fervore
501 1618 557 1684 vel
585 1624 680 1685 tanta
708 1619 889 1706 gravitate,
917 1624 1045 1708 quanta
1072 1618 1262 1705 vergiliana
1332 1664 1335 1669 -

138 1725 226 1792 Dido
242 1727 265 1808 ³,
289 1726 423 1792 coelum
446 1747 547 1792 omne
573 1727 606 1792 in
628 1747 709 1792 snae
736 1725 882 1813 injuriae
910 1727 1121 1794 consortium
1147 1733 1258 1794 vocet.

139 1831 207 1901 Ubi
225 1833 376 1923 primum
396 1855 434 1899 os
454 1834 581 1923 aperit,
602 1832 739 1900 Aeneae
766 1833 955 1924 profecturi
981 1834 1160 1901 concilium
1179 1857 1260 1923 pro-

138 1940 274 2008 nuntiat
302 1962 377 2007 esse
406 1969 422 2002 «
450 1942 546 2008 nefas
569 1963 607 2023 »ς
639 1946 743 2030 atque
772 1941 859 2012 adeo
891 1941 957 2008 sibi
982 1942 1064 2008 olim
1088 1942 1261 2033 persuasit

138 2046 228 2114 Deos
248 2069 310 2114 suo
329 2049 439 2114 amori
458 2049 585 2130 favere,
608 2052 645 2115 ut
665 2070 755 2114 nunc
774 2048 866 2114 illius
886 2048 922 2113 in
942 2053 1092 2115 mentem
1111 2071 1180 2115 non
1199 2072 1259 2115 ve-

136 2155 220 2237 niat,
239 2176 297 2222 eos
317 2177 407 2221 nunc
425 2154 517 2222 istud
537 2155 665 2221 nefarie
686 2159 827 2245 ruptum
848 2181 863 2215 «
886 2155 1088 2242 conjugium
1106 2184 1122 2218 »
1142 2155 1260 2246 aequis

138 2259 310 2351 adspicere
337 2261 452 2330 oculis.
485 2261 586 2343 Quod
615 2263 644 2332 si
666 2266 870 2353 paterentur
890 2263 1115 2352 impunitum,
1140 2289 1155 2324 «
1177 2285 1259 2329 nus-

138 2389 242 2456 quam
261 2372 370 2435 tutum
386 2397 402 2430 »
422 2369 458 2435 in
477 2375 654 2459 posterum
673 2368 746 2435 fore
769 2396 784 2429 α
803 2367 908 2457 fidem
925 2394 941 2432 a
960 2369 1112 2436 declarat
1131 2368 1259 2436 audac-

137 2482 210 2558 ter;
230 2498 293 2544 nec
312 2476 484 2544 lunonem
504 2477 612 2542 solam
634 2477 797 2568 appellat,
820 2476 881 2542 sed
903 2475 1026 2543 Jovem
1044 2477 1175 2568 ipsum,
1199 2476 1259 2545 So-

126 2582 275 2673 lemque
296 2584 540 2674 Hecatenque;
563 2606 602 2651 ac
621 2590 809 2675 postremo,
832 2585 935 2650 etiem
955 2584 1094 2674 quando

323 2779 398 2833 vidit
414 2780 580 2850 turicremis
595 2793 662 2832 cum
677 2780 927 2845 donaimponeret
941 2781 1001 2832 aris

322 2860 511 2926 (horrendum
527 2860 607 2914 dictu
617 2863 635 2925 i)
650 2862 752 2913 latices
767 2861 934 2926 nigrescere
950 2874 1057 2925 sacros,

166 3066 189 3116 1.
204 3067 314 3132 Argon„
330 3067 370 3132 iv,
385 3068 500 3129 eve-eva,
514 3069 627 3128 misse,
641 3068 747 3119 eei-sea
765 3084 771 3117 ι

384 3184 447 3248 Δίκη
463 3186 489 3237 δέ
502 3206 541 3237 τοι
555 3187 659 3250 ἔμπεδος
675 3186 739 3237 ἔστω

260 3258 304 3309 καὶ
318 3259 393 3322 θέμις,
408 3257 438 3321 ἦν
448 3258 526 3323 'spes
542 3258 759 3322 συναρέσσαμεν...

370 3329 442 3394 ..Μὴ
457 3333 515 3396 τόγε
529 3329 699 3388 παμὸασίλεια
713 3331 772 3389 Διὸς
786 3332 905 3383 τελέσειεν
921 3330 1015 3389 ἄκοιτις

258 3395 275 3464 ἦ
292 3397 470 3460 ἐπικυδιάεις...

369 3510 417 3526 .....
421 3475 460 3526 Τὰ
478 3473 521 3538 μὲν
536 3471 565 3528 οὗ
580 3475 645 3540 θέμις
657 3469 788 3541 ἀκράαντα

260 3539 284 3596 ἔν
299 3545 357 3620 γαίῃ
372 3547 498 3598 πεσέειν...

166 3663 189 3712 2.
203 3661 272 3723 Cen,
288 3678 354 3724 cmv,
367 3663 421 3723 185,
438 3677 492 3727 sqq.
511 3677 517 3712 :

321 3779 371 3823 Non
386 3785 459 3824 tamen
473 3785 524 3823 ente
536 3779 590 3822 mihi
604 3780 751 3835 languescent
761 3779 845 3822 lumina
858 3784 929 3821 morte

320 3854 387 3898 quam
396 3843 480 3898 justam
495 3855 508 3884 a
525 3841 589 3886 Divis
603 3853 720 3897 exposcam
736 3841 824 3897 prodita
837 3840 933 3883 multam

322 3907 493 3962 coelestumque
508 3905 574 3949 tidem
589 3911 700 3960 postrema
709 3916 836 3959 comprecer
849 3905 911 3946 hora.

135 4013 170 4064 ci.
184 4028 208 4062 v.
225 4012 271 4062 134
287 4026 293 4061 :
309 4032 321 4058 «
337 4014 448 4076 neglecto
463 4013 561 4062 numine
575 4012 668 4061 divum.
683 4030 695 4055 u
960 4013 963 4017 '

163 4085 188 4134 3.
205 4084 281 4144 Aen„
296 4082 337 4146 IV,
357 4084 413 4145 306,
428 4083 543 4146 371-373,
557 4083 605 4134 376
624 4098 688 4147 sqq,
703 4081 751 4132 382
771 4097 835 4146 sqq,
854 4082 902 4132 386
917 4098 982 4147 sqq,
997 4082 1046 4143 453
1061 4097 1124 4146 sqq„
1140 4081 1255 4144 519-520,

134 4157 188 4217 590,
207 4155 254 4205 607
273 4171 327 4219 sqq.
342 4184 372 4192 -
387 4156 451 4205 Dido
466 4170 515 4205 non
537 4170 552 4204 a
573 4154 627 4202 Diis
642 4154 732 4204 certior
753 4154 817 4203 lacta
832 4159 869 4204 est
884 4156 941 4204 latis
956 4155 1039 4204 ltaliae
1058 4168 1133 4217 regno
1148 4154 1256 4202 Aeneam

134 4228 274 4278 necessario
289 4228 416 4278 destinari.
432 4229 485 4277 Non
500 4228 547 4276 hoc
567 4228 589 4276 ei
612 4227 748 4276 Mercurius
763 4227 793 4276 ab
808 4227 867 4276 love
885 4228 975 4276 missus
991 4227 1101 4289 aperuit;
1123 4240 1201 4288 neque
1221 4225 1256 4273 sic

135 4301 253 4363 explicari
268 4299 342 4348 debet
353 4298 413 4347 illud
428 4298 484 4347 libri
501 4298 570 4360 primi
584 4312 590 4346 :
602 4318 613 4343 ιι
627 4313 657 4346 ne
672 4298 725 4360 suti
740 4299 828 4347 nescia
843 4298 905 4348 Dido
921 4298 1021 4346 Finibus
1033 4300 1135 4346 arceret.
1149 4314 1161 4339 ν
1177 4295 1213 4343 ci.
1225 4295 1256 4343 de

134 4371 179 4420 hoc
202 4386 275 4420 versu
299 4371 434 4419 luculentas
454 4369 621 4418 enarrationes
646 4384 707 4435 quas
731 4368 862 4428 Waiousn,
888 4370 1012 4426 lenonum,
1040 4367 1145 4417 lividam
1167 4365 1254 4432 (Verg.

137 4442 224 4503 siud,
240 4459 264 4508 p.
283 4442 401 4505 102-103)
415 4442 557 4494 attulerunt.
