2940 5076
586 387 683 434 ulrur
708 389 879 436 sscunuuu.
1212 362 1215 367 ’
1250 370 1294 436 29

220 561 374 629 Primum
398 562 559 653 equidem
585 563 733 631 observo
756 587 883 631 nomen
901 564 987 631 illud
1007 564 1179 647 HectoriS,
1201 563 1296 654 quod

175 668 373 756 diligentius
393 671 438 738 ab
457 671 621 762 Euripide
640 677 849 755 removetur,
874 695 893 739 a
915 671 1066 759 Vergilio
1085 677 1204 739 contra
1223 694 1298 738 soe·
1334 692 1336 697 ’

174 777 252 867 pius
272 779 418 845 accitum
437 780 602 847 revocari.
634 780 722 847 Nam
742 785 776 846 et
800 781 898 847 initio
925 780 1024 846 nobis
1052 779 1297 846 Andromacha

345 986 415 1036 aute
429 983 532 1036 urbem
548 984 579 1035 in
592 983 658 1036 luco
672 984 742 1037 falsi
760 985 921 1039 Simoentis
935 985 972 1038 ad
986 985 1098 1037 undam

179 1189 195 1224 «
217 1162 324 1230 ciceri
337 1162 450 1257 libans
469 1192 485 1227 »
512 1164 716 1232 ostenditur.
740 1166 814 1232 Hoc
839 1171 953 1232 autem
981 1167 1095 1256 ipsum
1115 1165 1210 1254 quod
1227 1187 1296 1231 non

176 1268 259 1336 dicit
277 1275 381 1360 poeta
408 1271 506 1360 cujus
534 1272 641 1338 cineri
665 1271 766 1354 libet,
801 1274 956 1359 legentes
986 1272 1118 1338 inducit
1137 1277 1171 1337 et
1198 1273 1297 1361 quasi

176 1378 268 1462 cogit
287 1383 339 1459 ut,
363 1399 399 1443 se
417 1379 512 1469 ipsos
530 1380 796 1465 interrogantes
818 1379 974 1446 Hectoris
995 1380 1259 1446 reminiscantur
1272 1379 1293 1446 ¹.

176 1481 336 1550 Ceterum
353 1485 390 1551 in
409 1485 605 1575 insequenti
636 1508 740 1553 versu
759 1487 919 1577 explanat
938 1492 972 1552 et
998 1486 1074 1576 ipse
1100 1485 1294 1572 Vergilius:

579 1726 628 1742 .....
644 1693 803 1757 Manesque
816 1693 939 1744 vocabat

470 1761 628 1812 Hectoreum
644 1763 681 1815 ad
697 1764 849 1816 tumulum
857 1764 877 1814 ².

174 1939 303 2006 lterum
329 1940 455 2007 deinde
483 1942 518 2007 in
544 1942 602 2025 iis,
632 1965 719 2032 quae
744 1944 856 2032 prima
880 1943 1011 2032 profert
1032 1941 1293 2023 Andromacha,

173 2046 289 2113 verbis
308 2049 504 2115 nominatur
523 2050 669 2119 Hector:

430 2305 434 2313 .
579 2252 720 2304 vivisne?
734 2253 987 2306 Autsiluxalma
1001 2253 1124 2305 recessit

453 2324 551 2374 Hector
566 2325 617 2376 ubi
638 2327 700 2377 esti

174 2474 270 2541 Tunc
298 2498 380 2542 vero
410 2477 510 2565 quasi
537 2499 616 2542 caro
646 2476 707 2543 illo
740 2483 774 2542 et
800 2477 990 2543 venerabili
1015 2477 1169 2557 nomine,
1202 2475 1295 2565 quod

174 2600 291 2650 secum
324 2584 425 2650 tacite
461 2583 698 2650 tantummodo
729 2589 886 2674 repetere
921 2584 1053 2649 dudum
1090 2582 1190 2648 solita
1224 2588 1291 2664 est,

173 2711 266 2756 nunc
285 2691 436 2779 primum
463 2690 533 2757 alta
550 2713 634 2757 voce
655 2692 796 2783 emisso,
819 2691 918 2780 quasi
943 2691 1075 2780 sopitus
1100 2689 1295 2756 Androme-

173 2795 259 2864 chae
279 2796 379 2866 dolor
398 2803 617 2888 experrectus
639 2798 698 2881 sit,

607 3002 744 3056 lacrimas
759 3002 878 3066 effudit,
896 3007 926 3055 et
941 3013 1059 3054 omnem

453 3073 591 3141 implevit
605 3074 731 3127 clamore
744 3073 850 3128 locum.

104 3321 107 3325 ,
172 3253 261 3319 Tum
280 3254 325 3319 ab
343 3254 462 3321 Aenea
481 3254 642 3344 loquente
664 3279 680 3313 «
703 3253 867 3319 Hector»
895 3253 996 3318 tertio
1014 3251 1210 3333 inducitur;
1232 3252 1292 3341 qui

173 3361 238 3427 etsi
259 3360 332 3448 jam
359 3366 474 3443 antea,
503 3361 681 3426 nuntiante
711 3360 817 3441 fama,
847 3360 1048 3447 cognoverit
1073 3357 1292 3447 Neoptolemi

173 3468 359 3553 conjugem
385 3469 508 3534 factam
543 3490 616 3535 esse
645 3466 941 3549 Andromacham,
972 3488 1153 3555 nuperque
1187 3465 1292 3531 etiam

173 3577 299 3642 certior
323 3577 433 3643 factus
458 3577 501 3642 sit
529 3575 661 3642 Heleno
688 3574 845 3641 eamdem
870 3574 907 3639 in
936 3574 1193 3667 matrimonium
1218 3594 1292 3638 ces-

173 3684 277 3766 sisse,
300 3705 376 3751 eam
395 3689 511 3750 tamen
530 3682 682 3751 Hectoris
700 3681 1002 3750 Andromacham⁸
1022 3680 1187 3772 appellat.

204 3962 227 4011 1.
246 3981 257 4007 n
271 3961 323 4010 Non
339 3960 401 4009 dixit
417 3962 503 4024 cujus,
526 3959 568 4008 sed
584 3959 640 4008 exin
654 3959 727 4008 letius
741 3957 893 4022 intelligitur.
911 3976 922 4000 »ι
939 3956 1050 4006 Servius.

202 4035 226 4086 2.
245 4033 308 4083 Male
323 4036 412 4093 tamen,
432 4033 452 4079 si
469 4032 612 4080 Pcuacunur
628 4031 765 4080 audiendus
784 4031 838 4079 sit:
862 4049 873 4074 t<
892 4028 1092 4091 Mallem-inquit
1106 4028 1170 4076 enim
1185 4027 1293 4090 ille‚-vo-

170 4106 267 4156 cabulis
292 4105 464 4168 transpositis:
480 4102 590 4152 libebat
605 4102 686 4152 cineri
700 4102 820 4151 Hectoreo
835 4101 977 4165 Manesque
1000 4099 1108 4150 uocabat
1121 4099 1293 4149 Andromache

171 4177 209 4228 ud
224 4176 384 4227 tumulum...
401 4175 480 4224 Verus
492 4180 571 4224 autem
584 4176 695 4223 Hectoris
710 4173 817 4223 tumulus
837 4177 890 4222 erat
908 4172 973 4235 apud
991 4172 1098 4233 Trojam.
1114 4190 1126 4215 o
1148 4171 1213 4219 Nihil
1233 4186 1293 4221 vero

171 4254 210 4300 est
224 4263 271 4313 quo
287 4250 427 4311 conjectura
441 4247 488 4295 ista
502 4247 620 4296 innitatur
635 4247 715 4295 lectio.

201 4320 226 4371 3.
245 4319 304 4368 Cum
313 4319 434 4379 anwre,
443 4317 534 4375 Hanni,
542 4316 685 4375 conluuione,
695 4315 899 4365 Banoisrlectioni
909 4330 914 4363 ε
925 4335 937 4359 «
948 4315 1059 4363 Hectoris
1074 4313 1293 4362 Andromachen‘t»

171 4395 244 4458 plane
258 4391 392 4441 adsentior.
408 4390 444 4438 De
461 4389 507 4437 hoc
524 4388 577 4436 loco
592 4389 743 4450 disceptato,
760 4403 783 4436 v.
805 4387 949 4436 Pascuntur
969 4386 1062 4445 Hunni,
1078 4385 1204 4444 Hostilem,
1217 4383 1292 4438 imb,

171 4478 279 4513 versum.
