2940 5076
177 306 239 372 112
587 328 664 374 raas
688 329 871 375 rosrnainn.

217 502 299 569 lude
319 502 357 569 fit
377 508 414 569 ut
432 504 575 570 Amatae
594 504 683 570 iram
701 504 794 571 illico
810 505 965 594 erupisse
979 525 1048 570 non
1063 502 1156 570 dicat
1168 506 1197 586 ι;
1214 524 1294 571 cum

173 611 258 677 sciat
290 612 418 701 optime
442 633 570 699 gnarus
597 611 769 679 humanae
800 613 925 679 mentis
955 616 1073 701 poeta,
1111 632 1294 701 superesse

173 739 271 785 suam
291 719 393 785 etiam
412 718 539 785 furenti
558 720 695 786 mulieri
709 720 881 809 peritiam.
908 719 1034 785 Dolum
1058 719 1215 808 profecto
1234 718 1297 785 ad-

171 824 292 891 hibere
312 825 462 893 debebat
480 827 615 908 Amata,
637 827 840 917 priusquam
861 827 1066 893 exacerbata
1095 827 1218 893 ultima
1242 848 1297 893 se·

173 938 347 1023 queretur.
371 933 550 1003 Mitissimo
580 935 686 1023 igitur
713 935 835 1001 habitu
859 940 893 1002 et
918 934 1108 1024 composito
1131 934 1165 1000 in
1190 934 1298 1001 mise-

172 1043 341 1109 rationem
368 1043 466 1109 vultu
492 1042 676 1129 conjugem
709 1042 797 1125 adit,
831 1043 1038 1133 molliusque
1070 1068 1086 1102 ιι
1123 1046 1157 1108 et
1193 1041 1297 1108 solito

173 1153 322 1215 matrum
350 1148 393 1216 de
426 1170 522 1216 more
558 1177 574 1212 n
603 1149 789 1239 loquiturl.
830 1149 949 1238 Neque
984 1148 1093 1214 ullum
1134 1148 1298 1238 querenti

172 1257 318 1322 verbum
338 1256 462 1324 excidit
482 1257 576 1347 quod
598 1279 666 1325 non
692 1257 762 1323 vim
790 1256 940 1347 aliquam
968 1256 1095 1323 habeat
1122 1278 1187 1322 nec
1216 1277 1298 1322 con-

173 1364 263 1434 sollo
293 1364 529 1432 immittatur³.
561 1364 610 1431 De
641 1364 812 1432 industria
840 1391 855 1426 ιι
890 1364 1023 1432 exsules
1058 1391 1074 1426 »
1105 1363 1296 1452 TrojanoS,

176 1497 191 1531 ιι
212 1469 444 1560 praedonem‘
471 1498 486 1533 ν
517 1472 670 1538 Aeneam
696 1472 865 1553 nominat,
895 1493 1043 1561 eumque
1070 1470 1126 1538 isti
1147 1497 1163 1531 ιι
1185 1469 1298 1560 Phry·

171 1578 229 1663 gio
260 1578 391 1668 pastori
420 1604 436 1641 ν
462 1579 609 1645 similem
638 1579 862 1669 contemptim
887 1578 1001 1665 fingit,
1031 1579 1090 1668 qui
1111 1577 1294 1661 Helenam,

172 1705 242 1752 non
266 1684 378 1754 minus
406 1686 549 1754 forsitan
572 1693 716 1777 propter
735 1686 888 1754 divitias¹⁵
909 1709 1014 1776 quam
1038 1686 1164 1753 amoris
1191 1708 1297 1752 causa

174 1814 291 1863 secum
310 1794 496 1884 rapuerit⁶.
518 1793 638 1884 Neque
658 1794 704 1862 ob
725 1794 759 1860 id
781 1794 892 1861 solum
913 1820 929 1855 ιι
950 1793 1064 1883 primo
1080 1793 1254 1882 Aquilone
1278 1820 1295 1855 ν

173 2037 271 2083 nestrae
285 2032 377 2082 conscii
394 2047 442 2081 non
460 2033 596 2084 videamur.
617 2034 703 2098 (Levia
719 2033 873 2092 nouaclum,
889 2036 916 2082 ut
930 2032 982 2080 vult
997 2031 1115 2090 Saavms,
1129 2031 1246 2096 pulchro
1262 2033 1294 2081 si-

174 2106 291 2168 gnificare
306 2108 394 2167 potest,
411 2106 454 2154 sed
469 2104 531 2153 illud
546 2119 656 2169 quoque,
676 2119 762 2168 nempe
787 2105 857 2153 lacile
880 2108 904 2153 et
927 2103 1023 2152 occulte
1043 2108 1182 2166 serpentem
1201 2104 1296 2154 delabi.

175 2176 243 2235 Quod
255 2177 352 2239 quidem
362 2176 477 2239 explanat
493 2177 594 2240 insuper
609 2193 615 2227 :
632 2197 644 2222 ιι
657 2180 763 2226 attacta
778 2175 862 2234 nullo,
875 2195 886 2219 ν
902 2179 927 2224 et
937 2195 948 2220 ι
964 2172 1092 2239 fallitque
1105 2175 1243 2238 furentem
1261 2196 1273 2221 ν
1290 2195 1295 2227 :

173 2249 199 2297 id
213 2252 264 2308 est,
278 2267 290 2293 ιι
308 2249 361 2296 sine
376 2263 498 2308 morsa...
522 2249 578 2298 sine
596 2250 750 2313 accipientis
767 2263 845 2298 sensu
862 2267 873 2292 r
890 2247 1011 2309 Ssnvms.)
1026 2246 1131 2295 -Tum
1149 2261 1208 2295 vero
1223 2249 1295 2310 quasi

174 2333 219 2382 per
233 2320 359 2382 physicam
380 2320 561 2383 figurationem,
576 2321 737 2370 increscentis
749 2321 800 2369 irae
812 2319 882 2369 varia
894 2322 1016 2367 momenta
1032 2319 1211 2382 continuaeque
1225 2321 1297 2368 vices

174 2390 274 2454 depingi
297 2390 362 2440 haud
383 2392 503 2441 immerito
522 2393 605 2442 credat
629 2393 794 2456 adquiarive
818 2391 922 2454 primum
936 2391 970 2455 (ν.
993 2389 1051 2452 eu>
1072 2403 1114 2438 cor
1129 2390 1210 2452 ipsum
1226 2390 1252 2439 in
1270 2407 1297 2442 se

175 2463 339 2522 contrahitur,
361 2463 413 2512 sive
436 2464 552 2512 anhelare
573 2464 658 2527 incipit
679 2464 780 2527 spiritus
798 2464 832 2526 (v.
853 2462 910 2525 351)
927 2463 1057 2524 faucesque
1076 2462 1166 2523 angina
1188 2463 1296 2525 quadam

174 2538 330 2583 coarctantur
347 2536 381 2598 (v.
397 2534 456 2594 351,
477 2534 503 2584 in
525 2536 592 2599 flue),
617 2537 669 2584 sive
683 2537 708 2584 in
725 2538 797 2597 caput
812 2535 848 2597 (v.
867 2533 922 2592 353,
939 2532 1018 2595 initio)
1034 2533 1210 2596 cerebrumque
1224 2534 1297 2597 quasi

175 2605 332 2654 constrictum
348 2607 449 2670 sanguis
459 2607 596 2669 colligatur,
612 2607 664 2655 sive
678 2607 776 2656 taudem
791 2609 866 2655 totum
880 2606 917 2654 ira
928 2618 1017 2666 corpus
1027 2603 1124 2652 invadit
1137 2608 1209 2667 atque
1225 2625 1237 2651 ιι
1251 2606 1297 2654 im-

175 2677 258 2740 plicat,
272 2694 283 2721 ν
299 2678 458 2742 inertiamque
470 2679 567 2741 trepida
580 2680 689 2727 membra
702 2693 774 2741 aegre
785 2679 863 2727 lerant
876 2677 909 2740 (ν.
927 2675 974 2725 353
989 2677 1063 2740 sqq).

207 2747 257 2796 Sed
271 2748 353 2797 forsan
369 2750 393 2797 iu
408 2763 437 2798 eo
452 2768 464 2794 ι
481 2764 581 2799 acumen
596 2750 700 2811 irritum,
718 2768 730 2792 ν
745 2754 771 2799 ut
787 2749 893 2798 Senecae
908 2748 990 2796 verbis
1005 2752 1068 2807 utar,
1084 2767 1096 2793 o
1113 2761 1271 2809 exercemu33
1286 2767 1298 2792 υ

175 2820 277 2868 miratur
302 2824 380 2869 tamen
400 2823 488 2884 etipse
503 2821 638 2871 Carmanos
658 2823 683 2869 iu
704 2822 742 2870 bis
765 2822 879 2870 versibus
896 2840 907 2866 ιι
923 2834 958 2868 an
973 2820 1053 2883 effert
1067 2821 1101 2884 of
1113 2821 1255 2884 ingenuity
1271 2823 1298 2868 to

174 2892 281 2938 sustoin
297 2892 340 2941 tlte
353 2892 475 2957 physienl
483 2891 647 2957 probability
661 2894 720 2953 <ln
735 2892 812 2942 order
824 2895 882 2951 to>
895 2891 972 2940 male
993 2889 1035 2940 tlte
1051 2890 1125 2957 thirty
1143 2889 1298 2957 physiculty

173 2961 307 3026 probable.
326 2982 338 3007 ν

207 3033 269 3082 lllud
284 3038 321 3083 est
334 3049 480 3084 summorum
496 3037 650 3099 scriptorum,
666 3037 732 3100 quod
752 3040 802 3085 tam
817 3035 929 3085 sollerter
943 3035 1019 3083 verba
1033 3035 1138 3098 seligant
1157 3038 1181 3084 et
1197 3049 1300 3098 compo·

175 3109 276 3164 nant,ul
290 3106 440 3155 adducamur
454 3109 485 3156 ad
498 3108 671 3170 auspicandum
685 3109 725 3156 vel
740 3109 764 3156 in
777 3108 883 3156 minimis
895 3107 990 3155 occulta
1004 3107 1107 3155 consilia
1117 3107 1298 3169 cogitatamque

177 3177 332 3230 industriam.
345 3179 428 3242 Neque
448 3194 477 3228 ea
492 3180 576 3228 saltem
588 3178 716 3242 diligentie
734 3180 765 3228 iis
780 3179 940 3242 improbanda
961 3181 998 3226 est
1015 3177 1147 3240 philologis
1162 3178 1204 3241 qui
1218 3178 1298 3226 liben-

176 3248 226 3296 tius
237 3248 339 3313 Vergilii
355 3251 490 3298 doctrinam
506 3265 578 3315 quam
593 3251 714 3313 poeticum
735 3251 857 3314 ingenium
875 3250 1001 3299 extollunt.
1014 3269 1026 3294 ιι
1040 3249 1107 3298 inter
1121 3254 1204 3298 celera
1221 3267 1232 3293 ν
1249 3264 1297 3298 au-

178 3323 226 3368 tem
241 3341 253 3365 ιι
270 3321 361 3380 studia,
377 3321 522 3372 medicinae
537 3336 662 3386 quoque...
675 3337 775 3385 operam
788 3321 911 3370 dedisse»
927 3321 994 3368 illum
1005 3320 1134 3370 Scammos
1147 3321 1241 3369 tradit:
1253 3335 1299 3369 cur

179 3392 254 3454 igitur
271 3393 316 3441 boc
333 3393 358 3441 in
374 3392 427 3442 loco
442 3394 597 3458 Hippocratis
608 3395 648 3456 (cl.
665 3408 687 3444 e.
700 3408 723 3456 g.
740 3393 867 3457 Ἐπιδήμ.,
883 3392 899 3440 l.
915 3391 955 3450 Vl,
967 3393 1007 3440 ed.
1025 3392 1116 3449 errat,
1132 3396 1149 3442 l.
1161 3390 1190 3451 V,
1203 3407 1227 3454 p.
1238 3391 1297 3453 317,

178 3464 217 3512 vel
239 3465 338 3530 Ἀφορ.,
354 3464 383 3525 V,
396 3464 435 3523 lo,
449 3464 494 3523 ila,
511 3465 551 3524 lV,
566 3464 621 3527 547,
636 3466 694 3528 etc.)
709 3465 849 3514 meminisse
867 3478 914 3512 uon
930 3464 1052 3525 putandus
1068 3464 1116 3512 sitt

210 3536 233 3586 1.
249 3536 301 3594 Vll,
316 3535 363 3584 356
379 3551 385 3585 :
400 3556 413 3581 ιι
428 3537 536 3586 Necdum
550 3538 645 3585 animus
655 3542 706 3586 toto
719 3536 829 3599 percepit
843 3540 941 3598 pectore
960 3535 1078 3583 tlammarn
1094 3553 1115 3582 ».
1132 3533 1203 3592 Quod
1221 3549 1298 3598 supra

179 3627 192 3653 o
214 3609 334 3657 furentem
350 3607 445 3670 adicit,
465 3623 495 3658 ne
520 3609 646 3671 intellegas
662 3609 733 3672 quasi
754 3609 805 3671 jam
828 3611 886 3655 lunc
908 3606 1021 3658 insaniat.
1047 3605 1143 3667 Optime
1169 3605 1298 3656 Seavrus:

179 3701 192 3725 ιι
208 3680 326 3742 Fallitque
346 3679 465 3729 torentem
482 3695 488 3729 :
504 3680 626 3730 ul'lurore
645 3684 770 3741 teneatur;
784 3693 847 3728 nam
867 3679 983 3728 nondum
1001 3677 1121 3742 furebat.
1138 3697 1150 3722 a
1169 3677 1299 3741 Prolepsis

179 3752 240 3801 hacc
256 3757 301 3802 est.

211 3825 234 3872 2.
249 3824 301 3884 Vll,
317 3824 372 3874 357.
388 3850 420 3861 -
434 3824 534 3874 Servius
551 3836 557 3871 :
579 3843 591 3868 ιι
611 3825 724 3873 Nondum
738 3823 769 3872 ad
784 3823 881 3886 plenum
897 3823 1001 3885 furebat,
1019 3821 1082 3871 unde
1097 3834 1140 3884 per
1155 3821 1299 3871 muliebrem

179 3896 331 3945 iracundiam
346 3896 421 3946 mixta
435 3897 567 3958 asperitate
580 3896 739 3958 loquebatur,
757 3909 813 3944 nam
832 3895 878 3944 hoc
893 3898 929 3943 est
944 3913 956 3938 ιι
972 3898 1075 3942 matrum
1091 3895 1122 3943 de
1140 3907 1235 3943 more...
1254 3912 1267 3938 ν

209 3967 233 4018 3.
248 3969 306 4018 lure
320 3969 403 4017 laudat
417 3968 519 4017 Servius
538 3988 549 4012 ιι
568 3967 681 4016 callidam
696 3967 935 4030 argumentationem.
958 3985 970 4011 »

209 4039 233 4090 l.
250 4039 291 4088 Sic
307 4054 402 4103 quoque
415 4040 521 4088 Aeneam
536 4039 637 4087 Latinae
651 4043 775 4087 matronae
789 4039 814 4085 in
829 4037 943 4099 precibus
958 4038 1091 4101 appellant,
1104 4036 1147 4096 XI,
1163 4036 1218 4088 tal.

209 4110 233 4159 5.
248 4109 283 4161 Cf.
301 4111 387 4160 Pacem
408 4108 669 4162 Glirestomatliam:
690 4130 701 4155 ιι
719 4110 846 4171 «littra
861 4110 904 4160 nal
922 4108 1039 4174 Πάρις>
1054 4109 1115 4173 μετὰ
1129 4107 1172 4172 τὴν
1191 4112 1253 4173 μῖξιν
1269 4108 1302 4161 τὰ

180 4186 283 4235 πλεῖστα
304 4182 417 4246 κτήματα
442 4177 564 4244 ἐνθέμενοι
578 4183 665 4239 νυκτὸς
680 4177 858 4233 ἀποπλέουσιν.
878 4199 890 4224 a
909 4208 939 4216 —
953 4181 1024 4231 Adde
1038 4182 1104 4245 quod
1119 4181 1144 4230 in
1160 4180 1299 4243 Cypriani,

178 4267 241 4316 quae
258 4253 385 4310 dicuutur,
410 4254 570 4315 poematibus,
591 4256 715 4301 narratum
737 4253 781 4300 tuit
804 4252 910 4299 Aeneam
931 4252 1025 4312 Paridi,
1051 4253 1166 4302 Helenam
1187 4255 1299 4315 rapturo,

180 4325 291 4373 comitem
305 4325 438 4374 adstitisse.
450 4324 497 4387 (Ct.
514 4324 585 4383 ibid,
602 4323 640 4371 ed.
655 4324 744 4381 nidor,
756 4338 780 4385 p.
797 4322 862 4386 581.)

210 4394 234 4446 6.
252 4395 369 4446 Ducenda
382 4417 413 4439 =
427 4396 581 4448 abducenda.
598 4394 719 4460 (Sentius,
735 4395 760 4444 in
774 4394 839 4446 Aen.
856 4392 907 4454 Vll,
921 4392 987 4459 359).
