2940 5076
531 368 641 414 error
665 367 814 414 rnunuu.
1198 351 1242 415 79

119 541 258 625 factam,
270 544 414 633 proiecti
427 544 584 632 conjugis
603 543 814 610 desiderium
827 543 889 608 filii
904 565 1021 610 amore
1042 543 1239 612 lenientem.

119 651 240 741 Neque
259 652 319 718 illa
341 674 360 718 a
379 652 570 738 Vergiliano
590 653 706 720 colore
726 652 857 719 absona
876 651 920 717 sit
942 651 1058 737 imago
1078 651 1237 736 Didonis,

118 759 253 845 gremio
271 758 434 826 infantem
454 760 600 825 foventis
622 759 721 848 (sicut
740 764 774 825 et
793 781 904 849 nuper
918 758 1104 824 Ascanium
1123 760 1240 825 fovere

120 866 221 932 solita
240 866 323 954 erat)
345 867 446 956 eique
472 867 582 952 digito
606 867 829 933 monstrantis
857 887 925 955 qna
949 866 1107 935 abeuntis
1132 869 1239 957 patris

118 993 223 1039 naves
243 972 349 1039 altum
370 974 453 1040 olim
471 974 685 1041 tenuerint...

165 1077 325 1146 Ceterum
344 1081 452 1147 multo
471 1081 581 1166 magis
601 1080 776 1168 dignitatis
797 1102 879 1147 suae
898 1081 1137 1147 immemorem
1152 1081 1239 1148 Ver-

118 1187 223 1273 gilius
242 1186 341 1253 nobis
360 1187 451 1254 inira
468 1187 618 1255 ostendit
636 1186 817 1254 Didonem.
844 1187 931 1253 Nam
958 1188 994 1252 in
1023 1188 1080 1270 iis,
1112 1189 1238 1278 quibus

118 1294 214 1385 prius
233 1294 385 1360 Aeneam
410 1295 612 1381 aggreditur
634 1294 704 1378 illa,
730 1294 905 1385 precibus,
929 1295 1197 1382 «hymenaeum
1220 1324 1236 1358 »

119 1401 232 1468 adhuc
261 1407 295 1468 et
322 1429 338 1463 «
359 1401 497 1468 conubii
519 1429 534 1464 >s
563 1429 578 1462 α
601 1401 823 1491 conjugiique
846 1430 861 1462 a
890 1402 984 1488 leges
1010 1404 1163 1487 invocat,
1189 1405 1238 1471 ita

116 1530 259 1598 prorsus
287 1513 411 1576 testata
440 1530 475 1574 se
505 1509 570 1574 sihi
593 1509 725 1596 justam
750 1531 904 1591 uxorem,
927 1510 1162 1577 matronaliter
1188 1510 1237 1601 (ut

116 1615 413 1705 Epigrammatum
433 1617 539 1684 verbo
559 1616 647 1704 utar)
669 1621 812 1706 nuptam
832 1616 951 1683 videri.
970 1616 1139 1708 Deinceps
1154 1641 1236 1686 vero

115 1722 183 1790 hoc
201 1746 237 1790 se
256 1725 394 1792 nomine
414 1724 562 1808 abdicat,
585 1724 696 1814 deque
717 1748 779 1795 suo
796 1724 875 1811 jure
896 1724 1031 1791 decedit
1052 1747 1059 1788 :

240 1923 303 1973 Non
314 1922 376 1988 jam
393 1921 563 1987 conjugium
579 1922 747 1987 antiquum,
764 1922 841 1987 quod
859 1921 996 1987 prodidit,
1014 1935 1094 1975 oro...

162 2092 253 2173 Quin
272 2093 386 2165 etiam.
404 2098 587 2184 postquam
616 2121 632 2155 «
654 2094 781 2160 talibus
801 2100 956 2159 orantem
978 2122 993 2155 »
1015 2095 1235 2162 inexorabilis

115 2197 249 2265 Aeneas
269 2201 476 2289 repudiavit,
497 2201 651 2267 nondum
671 2211 785 2267 tamen
809 2203 875 2267 ista
899 2201 1040 2267 Didonis
1061 2204 1235 2269 exanimo

115 2306 277 2392 cogitatio
296 2307 492 2396 depeliitur,
516 2307 575 2374 sed
600 2315 714 2391 noctu,
737 2311 836 2398 quasi
856 2310 1075 2392 reviviscenS,
1094 2331 1234 2396 aegram

114 2420 266 2480 mentem
284 2416 507 2504 pertinaciter
521 2415 657 2482 obsidet
679 2436 686 2483 ε

251 2609 350 2660 iliacas
365 2609 457 2676 igitur
472 2612 566 2663 classes
580 2618 669 2679 atque
683 2612 810 2665 ultima¹
824 2613 968 2664 Teucrum

251 2693 341 2744 Jussa
354 2707 451 2756 sequar
461 2695 504 2746 t...

254 2772 325 2834 Quis
341 2786 388 2825 me
402 2779 510 2833 autem,
522 2773 568 2836 fac
581 2775 654 2834 cette,
670 2775 758 2837 sinet,
772 2774 944 2838 ratibusque
961 2774 1095 2839 superbis

254 2853 382 2905 invisam
397 2855 521 2919 accipiet
532 2859 576 2908 t...

253 2934 328 2997 Quid
347 2939 410 2986 tum
420 2939 433 2986 ‘t
448 2936 513 2988 Sola
525 2936 595 3001 fuga
612 2938 740 2990 nautas²
752 2938 914 2990 comitabor
930 2937 1077 2988 ovantes?

253 3016 299 3066 An
314 3015 410 3079 Tyriis
424 3017 563 3082 omnique
576 3029 665 3070 manu
681 3018 790 3082 stipata
804 3030 936 3069 meorum

252 3095 438 3149 interemi...

158 3265 259 3347 Quod
278 3267 419 3357 quidem
434 3269 478 3335 ad
493 3270 636 3337 consilia
649 3271 736 3338 adeo
753 3269 909 3350 humilia,
925 3268 1031 3335 immo
1046 3267 1227 3357 probrosa,

111 3369 281 3440 Didonem
311 3375 520 3444 descendere
539 3379 648 3444 voluit
674 3379 856 3465 Vergilius,
879 3381 1054 3464 nequeunt
1073 3375 1230 3442 nonnulli

111 3479 220 3545 critici
240 3504 260 3547 a
280 3504 315 3547 se
337 3483 524 3572 impetrare
543 3490 581 3551 ut
601 3485 753 3552 credant.
777 3512 792 3546 «
816 3485 1027 3571 Reginamne
1048 3481 1229 3568 Carthagi-

111 3585 176 3670 nis,
197 3626 241 3635 —
260 3611 348 3654 unus
368 3612 408 3656 ex
428 3590 495 3656 illis
511 3591 679 3659 exclamat
691 3592 713 3675 ¹⁹,
736 3632 779 3641 —
798 3596 832 3659 et
851 3592 936 3658 tanti
954 3589 1090 3680 imperii
1114 3588 1229 3656 condi-

142 3781 165 3830 Ι.
178 3781 197 3830 I.
214 3797 235 3832 e.
251 3788 367 3844 extrema,
383 3786 474 3837 intima.
491 3786 636 3836 Pareamus
652 3802 658 3836 t
676 3807 688 3833 u
700 3787 773 3837 Recte
788 3787 895 3851 Heynius
907 3786 990 3834 laudat
1005 3786 1229 3847 interpretationem

111 3852 239 3916 Pomponii
255 3855 339 3905 Sabini
355 3869 361 3903 :
377 3858 457 3920 quasi,
471 3859 535 3920 quod
551 3860 571 3906 si
592 3860 690 3922 naviget
708 3875 762 3908 cum
779 3859 890 3919 Teucris,
908 3859 941 3906 sit
956 3858 1037 3906 sutura
1049 3870 1127 3906 serva.
1148 3875 1160 3901 s
1181 3857 1229 3905 Be-

110 3938 185 3984 uoisr,
203 3927 446 3988 Lausum-Semnan,
464 3929 600 3978 Coumorou
615 3931 712 3978 omnino
727 3931 777 3978 iere
792 3931 881 3993 pariter
899 3929 944 3977 hoc
959 3929 1109 3989 intellegunt.

140 3997 164 4045 2.
182 3997 293 4057 Nautes,
309 4013 367 4062 ergo
387 4001 492 4049 rusticos
512 4000 622 4049 homines
637 4007 662 4049 ct
681 4002 870 4050 contumeliosos
890 4006 914 4049 et
932 4002 974 4064 qui
988 4001 1102 4057 feminae,
1117 3996 1168 4047 soli
1182 3997 1229 4046 du-

110 4081 162 4116 cem
175 4083 244 4116 snum
259 4071 380 4133 sequenti,
395 4073 599 4122 conviciarentur.
615 4073 651 4121 Cf.
668 4071 784 4132 Kritncn,
799 4073 868 4122 Neue
883 4072 1011 4136 Beitrt'iqe,
1029 4086 1052 4134 p.
1068 4069 1120 4119 168.

140 4139 164 4189 3.
181 4139 289 4190 Pessime
310 4141 577 4205 Coniectaneorum,
594 4143 712 4192 Fonmoan
730 4160 735 4192 :
759 4164 770 4188 u
790 4144 903 4208 inferar,
920 4146 1034 4207 insequar
1055 4148 1079 4192 et
1101 4142 1230 4207 aggrediar

109 4211 226 4260 classe>
251 4212 693 4280 ctuv1tsn,ueueretre9ep
710 4214 1229 4277 iae-1⁶10,11oit0tushictoeusoptime

109 4283 269 4345 explanatur;
285 4286 389 4335 -ett
406 4287 497 4345 Herus,
513 4288 590 4345 nen„
607 4286 637 4348 ΙΙ,
652 4287 741 4335 787:‹
741 4286 1009 4347 ‹Skollibeborne,
1025 4287 1228 4352 cas·rz'edou(in

57 4409 61 4418 ,
108 4369 151 4415 my
166 4355 227 4418 lieet
243 4358 296 4404 to
279 4358 340 4421 Jor'n
356 4358 399 4406 tte
414 4358 461 4421 fiee
449 4363 474 4408 t
489 4360 521 4421 of
531 4358 665 4419 Aeneam?

139 4424 162 4475 Ι,
181 4427 272 4486 ilsunr,
289 4428 407 4486 Aeneid,
423 4429 448 4476 in
472 4429 496 4476 h
516 4444 540 4479 v
565 4428 670 4479 The
684 4442 765 4494 queen
781 4429 836 4478 und
854 4429 968 4495 founder
983 4432 1016 4493 of
1027 4429 1168 4494 tarthcqe
1186 4429 1229 4479 tire

108 4495 192 4558 noble,
207 4512 343 4566 genereus,
369 4499 445 4565 tript-
447 4499 555 4553 minded
574 4500 653 4563 Dido,
676 4515 705 4553 co
707 4499 764 4566 tdty
777 4499 934 4552 deliberatus
954 4502 1070 4552 whether
1089 4516 1119 4550 or
1138 4504 1184 4551 rrot
1203 4504 1230 4550 to
