2940 5076
522 345 619 391 orror
644 346 817 392 sacuuouu.
1168 323 1232 391 113

114 522 349 612 proiecturum
367 520 522 587 Aeneam
541 520 663 587 Latino
683 521 872 605 denuntiat,
890 521 996 612 qnod,
1012 525 1050 587 ut
1062 521 1233 610 interpres

116 629 258 719 quidam
275 627 411 710 voluit¹,
434 624 614 694 serenante
634 628 760 694 coelum
779 628 951 719 Aquilone
970 627 1115 694 facultas
1134 627 1236 694 datur

116 737 229 802 nautis
249 755 354 801 naves
373 734 606 821 gubernandi,
634 735 695 804 sed
720 737 905 826 praecipue
929 735 1010 825 quia
1032 740 1153 800 ventus
1176 734 1235 800 ille

115 843 179 913 fuit
213 865 281 932 quo
310 843 346 908 in
365 843 549 909 orientales
569 847 699 912 tractus
718 843 841 932 procul
876 843 921 909 ab
943 842 1044 909 ltalia
1069 842 1236 913 abeuntes

117 952 344 1018 auferrentur.

160 1057 291 1125 Verum
309 1057 408 1125 nobis
424 1056 594 1144 Vergilius
613 1059 688 1148 ipse
709 1056 907 1148 suspicandi
926 1061 1045 1124 auctor
1066 1061 1129 1141 est,
1147 1057 1236 1144 regi-

116 1187 209 1248 nam,
223 1164 424 1252 conjugium
441 1164 578 1232 Aeneae
599 1188 678 1232 cum
697 1165 840 1232 Lavinia
858 1165 1102 1253 abnegantem,
1124 1164 1241 1231 minus.

116 1273 207 1341 filiae
249 1294 331 1339 suae
369 1294 451 1340 casu
488 1294 593 1362 quam
632 1295 694 1340 sua
721 1274 829 1364 ipsius
857 1272 985 1360 injuria
1012 1272 1235 1341 commoveri.

118 1380 262 1462 Quando
295 1380 403 1464 enim,
432 1386 617 1470 antequam
646 1382 787 1467 ingruat
812 1380 950 1463 Alecto,
980 1380 1096 1447 omnia
1118 1401 1236 1447 secum

115 1488 241 1556 Amata
259 1486 416 1571 revolvit,
438 1510 506 1554 non
526 1511 631 1578 super
649 1487 803 1570 Lavinia,
826 1488 889 1554 sed

324 1719 412 1772 super
423 1706 554 1761 adventu
568 1711 714 1762 Teucrum
730 1709 863 1775 Turnique
875 1701 1031 1774 hymenaeis

118 1906 298 1974 sollicitam
336 1928 372 1974 se
406 1906 562 1997 praebet.
593 1905 702 1972 Filiae
736 1910 810 1972 tum
845 1905 985 1973 demum
1017 1904 1233 1988 recordatur,

118 2036 196 2080 cum
220 2014 381 2080 maritum
401 2035 502 2081 suum
525 2012 729 2100 aggreditur
753 2012 933 2103 supplex²,
957 2013 1006 2080 sic
1020 2015 1136 2079 tamen
1155 2016 1237 2079 tunc

118 2122 221 2190 etiam
240 2123 366 2204 locuta,
387 2126 425 2188 ut
440 2121 677 2189 vehementius
693 2120 846 2187 Turnum
861 2120 905 2186 ab
924 2119 1043 2186 Aenea
1062 2120 1104 2186 de
1122 2120 1237 2187 matri-

118 2230 232 2297 monio
263 2228 425 2296 Laviniae
451 2228 643 2309 detrusum,
674 2249 778 2317 quam
810 2227 946 2294 deditae
974 2253 991 2291 u
1021 2227 1187 2318 praedoni
1218 2255 1235 2288 u

117 2337 281 2405 laviniae
300 2337 432 2406 futuras
452 2357 635 2403 aerumnas
655 2335 783 2402 deflere
803 2335 970 2402 videatur.
986 2335 1125 2402 Parcius
1144 2336 1237 2402 enim

120 2472 136 2509 a
165 2445 208 2512 de
237 2449 318 2512 nata
342 2444 592 2524 lacrimatur»,
622 2443 805 2532 potiusque
832 2443 930 2509 inse
960 2443 1073 2533 ipsam
1102 2443 1237 2509 miseri·

118 2553 271 2621 cordiam
291 2552 449 2639 conjugis
469 2552 522 2622 sui
541 2550 648 2617 allicit
674 2571 682 2617 ε

304 2776 406 2826 Necte
423 2771 545 2825 miseret
561 2776 707 2836 nataeque
722 2773 824 2837 tuique

303 2854 470 2907 neomenia
485 2852 607 2905 miseret
621 2865 707 2918 Quau
722 2853 817 2918 primo
833 2851 979 2916 Aquilone
992 2851 1125 2918 relinquet

305 2936 445 3002 perfidus,
460 2933 522 2989 alta
536 2940 651 3000 petens,
667 2933 794 2986 abducta
811 2932 936 2998 virgine,
952 2933 1088 2998 praedoss.

118 3145 172 3213 Ita
190 3142 345 3236 profecto
364 3167 421 3212 res
442 3165 478 3211 se
497 3143 615 3225 hahet,
638 3147 676 3210 ut
691 3142 790 3230 jusso
809 3141 870 3209 illo
897 3147 931 3209 et
950 3141 1113 3211 divinitus
1133 3140 1242 3209 indito

118 3253 337 3321 matrimonio
356 3253 506 3319 feminea
524 3250 669 3318 Amatae
690 3250 853 3340 superbia
876 3250 985 3317 multo
1005 3255 1116 3336 magis
1136 3272 1241 3339 quam

119 3366 276 3427 materna
295 3360 419 3426 caritas
438 3358 607 3425 laedatur.
629 3357 770 3424 Jamdiu
785 3358 875 3423 enim
896 3357 1062 3437 Turnum,
1079 3361 1242 3446 nepotem

119 3489 233 3550 suum,
256 3467 301 3534 ad
321 3488 402 3534 suae
422 3466 513 3533 filiae
533 3465 744 3553 conjugium<
761 3463 932 3531 reservari
953 3491 969 3525 α
991 3462 1096 3530 fixum
1115 3464 1241 3530 immo-

118 3580 262 3665 tumque
288 3574 403 3641 animo
432 3573 540 3643 sedet.
574 3601 589 3634 u
618 3571 717 3639 Nunc
737 3576 852 3638 autem
872 3575 1012 3637 externo
1031 3592 1160 3657 genero
1180 3569 1242 3636 du-

119 3682 230 3749 cenda
255 3683 356 3768 virgo
384 3681 543 3763 traditur,
584 3701 688 3769 quem
718 3679 844 3746 Amata
869 3700 939 3745 non
966 3679 1078 3760 novit,
1112 3677 1242 3744 nedum

120 3789 294 3876 selegerit,
316 3790 441 3878 cuique
456 3788 578 3870 immo,
601 3787 750 3855 oraculis
767 3786 867 3868 freto,
889 3786 988 3874 regia
1003 3785 1121 3876 puella
1138 3783 1242 3874 potiri

118 3897 222 3964 liceat
240 3896 296 3963 vel
317 3897 419 3963 etiam
438 3916 506 3961 non
526 3893 734 3962 concedente
754 3893 890 3975 Amata,
923 3893 978 3960 vel
998 3893 1102 3960 etiam
1121 3892 1241 3959 adver-

152 4201 175 4251 1.
194 4201 288 4260 Hannr,
304 4197 443 4257 Aeneideo,
461 4198 485 4245 ln
497 4213 522 4248 v.
537 4197 589 4256 Vll,
604 4196 659 4247 361.

152 4273 175 4324 2.
197 4272 246 4333 Vll,
263 4271 319 4320 358.

151 4343 175 4393 3.
194 4344 220 4392 ln
235 4357 264 4392 ca
277 4355 350 4406 quam
359 4341 389 4389 de
402 4344 491 4390 Amata
502 4339 627 4404 Vergilius
641 4340 737 4403 accepit
749 4343 791 4389 aut
805 4344 933 4402 acceptam
946 4340 1046 4390 mutavit
1060 4338 1152 4401 fabule,
1164 4337 1240 4388 fllium

122 4430 192 4467 auum
203 4415 290 4466 Amata
302 4414 372 4479 prins
386 4412 497 4463 amisisse
510 4412 657 4465 narrabatur
669 4412 697 4476 (l.
712 4411 764 4472 Vll,
779 4427 804 4461 v.
816 4411 913 4476 50-52.)
