2940 5076
187 342 230 406 12
642 362 718 407 rins
741 361 846 407 rnroa.

136 532 139 539 '
185 537 330 603 dubium
355 544 420 605 stat
434 540 456 604 ¹.
478 538 613 604 Etenim
635 536 822 628 Sophocles
846 538 881 603 in
901 536 1011 602 tribus
1035 537 1154 624 utique
1174 536 1301 603 fabulis

183 642 341 710 Medeam
365 646 527 731 attigerat
554 667 561 713 :
589 646 624 711 in
652 643 875 727 Colchidrbus,
900 645 934 710 in
963 642 1096 733 Scythis
1120 649 1153 709 et
1178 644 1214 709 in
1237 646 1302 709 Pe·

183 749 272 817 liude
287 771 301 833 ,·
319 751 502 840 Euripides
522 749 695 818 Pelr'aderu
715 757 748 817 et
767 753 840 842 ipse
856 750 1141 839 composuerat²;
1164 754 1198 816 et
1212 751 1303 816 inter

181 857 264 923 alias
282 858 428 925 aliorum
447 863 628 948 poetarum
650 857 783 925 Carcini
800 860 985 949 praecipue
1005 856 1126 925 Medea
1139 858 1296 924 refertur.

180 963 312 1031 Verum
327 988 367 1032 ex
387 966 473 1048 istis,
491 988 580 1055 quae
599 988 667 1032 non
689 965 889 1056 superfuere
904 964 1091 1051 tragoediis
1107 964 1194 1031 nihil
1207 986 1302 1031 assu-

179 1092 274 1137 mere
293 1073 447 1162 potuisse
467 1072 660 1159 Vergilium
680 1073 773 1163 quod
801 1071 846 1138 ad
874 1072 1044 1138 Didonem
1067 1094 1164 1157 suam
1190 1077 1300 1137 trans-

177 1179 294 1261 ferret,
328 1185 397 1263 aut,
425 1180 564 1270 quando
592 1181 716 1271 potuit,
741 1179 829 1246 nihil
856 1180 1084 1268 assumpsisse
1114 1179 1297 1246 contende.

178 1284 297 1375 Neque
323 1309 465 1377 prorsus
491 1311 559 1354 non
585 1288 671 1354 haec
697 1292 749 1354 cst
773 1309 827 1353 res
846 1287 970 1353 idonea
996 1287 1039 1352 de
1068 1308 1137 1377 qua
1160 1309 1300 1352 accura-

174 1395 241 1459 tius
271 1400 469 1483 quaeratur,
501 1418 579 1461 cum
609 1395 750 1484 quidam
779 1418 797 1461 e
830 1395 1079 1462 recentioribus
1111 1394 1299 1484 philologis

175 1501 253 1591 plus
271 1501 365 1588 justo
385 1502 559 1589 adaugere
588 1503 673 1568 mihi
701 1502 882 1568 videantur
902 1525 942 1568 ea
962 1525 1050 1591 quae
1070 1501 1209 1569 Graecis
1228 1507 1299 1567 tra-

175 1608 308 1694 goediis
348 1630 409 1675 seu
447 1610 708 1700 superstitibus,
750 1632 811 1675 seu
852 1611 986 1678 amissis
1025 1609 1200 1694 Vergilius
1238 1609 1299 1675 de-

176 1714 291 1782 buerit
304 1717 326 1782 ³.

220 1823 427 1912 Scytharum
455 1829 571 1891 autem
601 1824 783 1914 Sophoclis
811 1825 898 1891 illud
921 1829 1164 1911 argumentum
1191 1825 1297 1892 fuisse

174 1931 239 1996 viri
275 1930 367 1997 docti
398 1933 615 1998 consentiunt
645 1953 652 1999 :
691 1933 909 2018 Argonautas
942 1932 1146 1999 Colchorum
1178 1955 1297 2019 regem

117 2078 122 2093 ι
176 2060 254 2104 cum
274 2039 382 2107 classe
402 2044 668 2130 persequentem
687 2041 722 2105 in
744 2040 904 2128 Scythiae
923 2041 1022 2106 litore
1038 2040 1178 2107 tandem
1192 2042 1298 2107 fuisse

176 2145 357 2235 adeptum3
375 2152 509 2213 -tunc
528 2169 612 2213 vero
627 2148 818 2228 exterritos,
832 2147 987 2236 periculo
1002 2149 1151 2213 instante
1171 2153 1205 2213 et
1218 2147 1299 2214 hos-

174 2253 268 2318 tibus
286 2274 432 2319 numero
451 2254 742 2343 praevalentibus,
756 2276 900 2341 graecos
919 2255 1043 2320 heroes
1064 2254 1106 2320 dc
1126 2255 1297 2344 placando

174 2358 262 2425 Aeta
292 2360 537 2450 reddendaque
571 2361 695 2430 Medea
723 2360 898 2427 dubitasse
924 2383 964 2427 ac
993 2361 1221 2445 deliberasse;
1254 2401 1298 2413 -—

175 2465 333 2534 Medeam
353 2473 470 2534 contra
489 2469 614 2535 horum
633 2470 775 2535 consilio
793 2469 979 2550 obstitisse,
1002 2491 1042 2534 ac
1065 2468 1213 2557 denique
1232 2470 1296 2536 mi·

174 2574 335 2660 tigatam,
371 2598 449 2642 cum
483 2576 693 2664 Argonautis
728 2598 837 2664 usque
876 2576 1081 2642 remansisse
1099 2576 1120 2642 ⁵.
1160 2575 1295 2657 Quibus

174 2688 289 2747 autem
306 2683 483 2750 affectibus
503 2690 584 2750 tunc
603 2684 768 2772 temporis
788 2689 958 2749 commota
977 2683 1099 2751 Medea
1117 2684 1233 2766 fuerit,
1255 2706 1296 2750 ex

174 2789 215 2854 iis
233 2791 384 2878 primum
404 2790 574 2876 conjicere
593 2789 693 2855 uobis
713 2790 815 2855 datur
832 2811 920 2879 quae
946 2794 1046 2856 antea
1070 2790 1192 2856 fecisse
1218 2813 1295 2859 eam

176 2895 364 2987 Sophocles
392 2896 549 2963 finxerat.
582 2896 658 2962 Non
687 2900 801 2962 autem
829 2895 933 2961 modo
961 2896 1141 2979 tasonem,
1176 2918 1294 2964 amore
1367 2912 1370 2921 ’

173 3004 316 3093 percita,
339 3004 470 3070 artibus
490 3005 559 3070 suis
579 3003 772 3090 adjuverat,
800 3003 860 3069 sed
881 3007 914 3068 et
932 3003 1122 3091 Absyrtum
1150 3004 1295 3072 fratrem

169 3110 242 3198 jam
255 3114 355 3176 autea
368 3110 601 3177 trucidaverat
610 3111 633 3178 ³.
648 3109 784 3177 lnfandi
797 3112 903 3198 igitur
918 3111 1056 3177 sceleris
1072 3112 1291 3193 conscientia,

172 3218 274 3284 simul
294 3221 396 3307 atque
416 3219 583 3285 iratorum
602 3240 744 3284 suorum
766 3223 911 3296 terrore,
941 3220 1145 3304 exagitatam
1168 3218 1294 3308 (neque

204 3425 228 3474 1.
245 3424 272 3473 Ε.
288 3423 318 3474 A.
334 3424 353 3472 l.
370 3424 475 3485 Asnaus,
495 3423 629 3488 Sophoclis
645 3425 817 3488 perditurum
830 3423 1005 3487 [fabularum]
1019 3425 1189 3489 srupmeutm
1204 3425 1245 3476 Fa.
1261 3424 1292 3477 G.

173 3499 296 3555 Wiener,
311 3495 468 3559 Fruprneutu
483 3496 619 3560 Euripidis
632 3498 675 3559 [et]
693 3495 859 3561 perditorum
878 3497 1040 3559 tropicarum
1054 3496 1169 3543 omnium
1178 3513 1189 3554 ,·
1203 3499 1294 3548 Wruc-

172 3583 227 3629 rma,
243 3567 286 3616 die
297 3566 473 3632 griechischen
492 3568 637 3633 Trepidien
649 3583 660 3624 ,·
674 3568 779 3628 Kavsaa,
795 3567 912 3615 historic
931 3567 1025 3615 critica
1040 3569 1200 3630 tropicarum
1211 3583 1292 3634 prae-

171 3653 278 3696 corum;
293 3640 375 3697 Pana,
392 3631 490 3687 Iltudes
503 3652 550 3687 sur
565 3637 600 3687 les
616 3640 760 3703 Tropiques
773 3653 856 3703 precs.

202 3711 227 3758 2.
243 3709 357 3759 Consulto
375 3710 498 3772 Euripidis
512 3710 628 3773 Aepeum
642 3711 735 3769 omitto,
747 3711 771 3757 io
787 3725 835 3772 quo
850 3709 937 3758 Medea
950 3724 1046 3773 quoque
1063 3711 1232 3771 inducebatur,
1249 3712 1293 3761 sed

173 3781 221 3829 alia
246 3795 347 3843 prorsus
374 3781 487 3844 vulgatae
514 3782 544 3829 de
571 3782 612 3830 illa
640 3782 736 3830 tabulae
767 3796 824 3843 pars
846 3781 871 3829 in
898 3781 943 3828 hac
966 3781 1092 3844 tragoedia
1115 3784 1292 3845 exponebatur.

172 3852 223 3915 (ct.
235 3851 370 3913 Waccuan,
386 3867 410 3914 p.
424 3851 486 3912 729;
505 3851 624 3912 Wiener,
641 3867 665 3914 p.
681 3852 747 3913 621.)

203 3924 227 3973 3.
244 3923 388 3981 Covmomu,
404 3924 428 3970 in
447 3924 571 3985 prooemio
591 3923 697 3988 Verpilii
712 3925 742 3971 ab
757 3923 800 3971 illo
814 3923 871 3971 editi
884 3937 890 3983 ;
909 3922 1001 3983 ileum,
1015 3923 1147 3974 Aeneideu
1157 3940 1167 3982 ;
1179 3924 1292 3990 Bressos,

175 3993 321 4043 Geschichte
336 3993 362 4042 d.
380 3995 445 4043 ro‘m.
461 3993 604 4058 Dichtuup.

173 4083 176 4088 ·
203 4065 226 4114 4.
246 4066 378 4125 warenae,
395 4080 419 4129 p.
433 4065 479 4114 337
493 4080 564 4128 sqq.;
580 4066 691 4124 Huaacn,
706 4064 731 4115 d.
748 4068 811 4113 rdm.
837 4067 924 4131 Trap,
941 4081 964 4128 p.
980 4065 1094 4127 530-531,
1110 4068 1140 4115 de
1154 4066 1223 4118 Accii
1239 4069 1294 4117 Me-

174 4137 232 4187 dea.
248 4164 276 4174 —
290 4139 389 4186 Asnaus
411 4139 445 4200 (p.
465 4137 512 4186 326
533 4138 581 4200 sq.)
597 4151 645 4185 uon
667 4138 691 4184 in
707 4136 807 4198 Scythia
822 4139 865 4186 sed
880 4138 929 4186 alio
951 4139 976 4185 in
997 4138 1051 4186 loco
1070 4153 1147 4202 prope
1168 4139 1294 4190 Graeciam

173 4208 238 4256 illius
256 4208 396 4270 tragoediae
415 4207 519 4257 tabulam
541 4212 617 4256 actam
636 4221 692 4256 esse
710 4211 809 4268 censct3
825 4208 915 4270 quibus
931 4212 1009 4256 autem
1030 4223 1059 4257 ex
1072 4211 1153 4258 causis
1170 4224 1220 4259 non
1234 4211 1294 4261 satis

173 4279 257 4341 liquet.

204 4350 228 4399 5.
244 4349 314 4408 Quod
341 4350 366 4398 in
389 4347 553 4400 Colchidihus
576 4349 710 4412 Sophocles
736 4350 833 4399 videtur
857 4351 997 4400 narravisse
1019 4351 1114 4415 (Sciron.
1140 4352 1242 4417 Arum,
1268 4352 1293 4401 in

173 4421 190 4472 l.
206 4421 246 4481 lV,
264 4421 328 4484 223).
344 4421 379 4470 Cl.
397 4422 529 4477 Wsucuun,
547 4435 588 4483 op.
601 4423 654 4481 cit,
672 4437 696 4484 p.
708 4420 762 4470 337.
