2940 5076
234 346 277 412 78
687 367 763 414 raas
788 368 893 413 rama.

234 544 347 633 potius
367 543 572 626 recentium,
593 565 749 610 amorum
775 543 976 610 memoriam
1001 563 1184 626 renovare,
1208 541 1236 608 si
1260 541 1357 632 quod

233 649 419 718 accendere
440 649 650 716 desiderium
676 657 800 740 queat3
826 649 982 740 illudque
1009 650 1208 733 castissimis
1239 654 1356 716 tumen

233 758 349 825 vorbis
368 757 592 848 praestringit
612 780 620 827 ε

358 953 432 1003 Mene
446 952 543 1018 iugis?
559 955 613 1005 Per
626 966 680 1019 ego
695 953 744 1004 tas
762 954 890 1003 lacrimas
903 953 1096 1018 dextramque
1113 956 1195 1005 tuam
1213 958 1242 1006 te

358 1034 486 1100 (quando
502 1033 581 1085 aliud
596 1035 670 1087 mihi
682 1035 744 1100 jam
760 1035 885 1088 miserae
898 1034 973 1087 nihil
989 1034 1053 1099 ipsa
1064 1033 1191 1100 reliqui),

357 1130 406 1181 per
420 1113 533 1165 conubio
546 1121 647 1176 nostra,
665 1129 715 1180 per
729 1117 847 1180 inceptos
864 1116 1059 1181 hymenanS,

358 1197 383 1246 ai
397 1195 460 1245 bene
474 1195 539 1259 quid
553 1195 584 1244 de
599 1202 623 1245 te
637 1197 725 1245 merui
736 1196 754 1257 ¹,
770 1196 825 1259 suit
839 1204 887 1247 arci
903 1195 951 1247 cibi
966 1195 1108 1261 quiequam

360 1275 435 1326 dulce
449 1289 548 1335 meum,
565 1269 739 1329 miserere...

235 1449 355 1515 Nonne
376 1448 478 1514 etiam
494 1453 567 1514 tum
581 1470 662 1514 vere
678 1446 840 1513 muliebri
855 1452 926 1514 arte
943 1448 973 1513 ei
988 1446 1142 1513 insidiari
1159 1444 1265 1528 dicae,
1280 1467 1360 1512 cum

236 1555 333 1627 addit
353 1577 361 1624 ·.

401 1750 455 1800 'Cui
468 1765 510 1800 me
523 1749 731 1802 moribundam
747 1749 854 1808 deseris,
871 1750 1003 1816 hospes?

361 1830 436 1894 Quid
451 1834 597 1883 moror‘t...
612 1834 714 1891 <an>
728 1836 837 1894 captam
851 1829 939 1882 ducat
956 1829 1099 1885 Gaetulus
1114 1830 1232 1883 larbasi

234 2003 336 2091 quasi
350 2023 475 2091 nempe
494 2002 578 2068 velit
596 2002 738 2069 incitare
758 2007 796 2069 ut
817 2006 947 2067 metuat
960 2023 1003 2068 ne
1021 2001 1119 2068 alteri
1137 2001 1273 2090 captiva
1292 2006 1362 2068 tra-

237 2108 339 2176 datur
357 2131 462 2199 quam
480 2108 603 2176 hebuit
621 2110 696 2199 ipse
715 2108 854 2175 femina.

204 2249 208 2256 ·
282 2215 390 2283 Immo
409 2239 475 2283 uon
497 2216 633 2283 dubitat
652 2217 843 2303 vergiliana
872 2215 962 2282 Dido
986 2215 1139 2305 apertius
1163 2217 1206 2282 ad
1228 2239 1280 2299 se,
1304 2219 1361 2285 vel

236 2324 271 2389 iu
293 2324 453 2412 exiguum
474 2329 623 2415 tempus
645 2345 808 2389 revocare
829 2328 1013 2405 amantem,
1035 2322 1101 2389 hoc
1121 2329 1199 2391 voto
1222 2346 1229 2393 :

365 2517 477 2571 Saltem
493 2518 519 2570 si
534 2531 593 2584 qua
606 2518 682 2570 mihi
696 2517 732 2570 de
748 2521 777 2571 te
792 2523 930 2585 suscepta
943 2519 1049 2574 luisset

363 2606 427 2650 ante
440 2598 536 2664 sapam
551 2599 699 2651 suboles...

239 2769 363 2861 quibus
383 2769 525 2859 quidem
549 2762 665 2837 verbis
685 2771 762 2861 quis
788 2772 916 2862 estqui
938 2771 1167 2856 offendatur²,
1190 2797 1266 2841 cum
1288 2777 1361 2843 voti

238 2876 342 2964 hujus
362 2876 543 2944 audaciam
563 2878 744 2968 sequentia
758 2879 844 2945 mire
864 2885 1059 2970 temperent
1080 2903 1087 2950 :

629 3073 658 3126 Si
673 3073 738 3138 quis
750 3073 826 3126 mihi
841 3074 983 3139 parvulus
997 3074 1067 3128 aula

362 3150 480 3204 luderet
493 3154 617 3214 Aeneas,
633 3153 682 3218 qui
695 3156 724 3207 te
738 3157 839 3207 tamen
849 3155 861 3189 ³
872 3168 921 3206 ore
934 3154 1085 3208 referret...

239 3323 311 3389 Nec
338 3323 492 3413 proiecto
521 3326 707 3415 quicquam
741 3331 849 3409 vetat,
881 3349 959 3393 cum
990 3324 1078 3392 nihil
1110 3326 1280 3394 muliebre
1314 3327 1359 3395 ab

239 3430 354 3497 indole
365 3431 508 3498 Didonis
524 3431 675 3499 alienum
688 3454 763 3500 esse
777 3433 1001 3525 adhucusque
1014 3435 1220 3524 praemoniti
1236 3436 1357 3519 simus,

240 3538 323 3627 quin
342 3560 432 3606 nunc
451 3539 553 3607 etiam
573 3540 673 3608 nobis
688 3563 777 3607 eam
801 3541 988 3628 fingamus,
1012 3547 1158 3608 matrem
1177 3565 1218 3608 ex
1240 3543 1360 3610 Aenea

271 3785 293 3835 1.
314 3787 420 3835 Tametsi
443 3787 561 3850 quosdam
586 3788 735 3850 interpretes
763 3790 822 3837 satis
850 3790 930 3839 audax
953 3791 1054 3839 verbum
1078 3791 1137 3840 illud
1161 3792 1276 3854 offendit,
1302 3794 1358 3856 pln-

238 3858 340 3907 niasime
357 3859 448 3907 dietum
467 3862 517 3919 cst,
541 3862 566 3908 et
585 3864 652 3909 recte
679 3858 813 3909 Conmoron
833 3863 947 3924 explanat
965 3877 971 3910 z
988 3881 1000 3907 o
1021 3863 1050 3926 lf
1060 3878 1112 3926 you
1133 3878 1192 3912 ever
1206 3864 1291 3928 found
1305 3880 1359 3929 orry

235 3928 359 3994 pleasure
375 3930 403 3978 ia
417 3944 465 3978 me.
483 3950 495 3974 s

271 4001 294 4050 2.
313 4000 447 4049 Conmoror
463 4015 469 4049 :
488 4020 499 4046 α
517 4001 630 4050 Gessran
645 4016 769 4066 supposes
789 4001 848 4052 ibai
863 4003 907 4052 tlte
928 4019 1041 4070 persepe
1056 4005 1135 4055 could
1153 4006 1218 4055 bave
1238 4006 1300 4056 been
1320 4009 1358 4056 in-

241 4071 388 4135 terpolated
408 4072 494 4135 before
514 4073 558 4122 the
579 4073 641 4122 time
663 4076 695 4138 os
714 4075 827 4123 lievenal
850 4075 905 4124 who
929 4074 1033 4126 allodes
1055 4081 1081 4126 lo
1108 4079 1129 4126 it
1148 4079 1204 4128 Sat.
1226 4079 1246 4127 V
1265 4093 1291 4139 »3
1315 4081 1358 4128 sed

239 4144 304 4192 illam
319 4145 480 4206 conjecturam
496 4143 556 4192 nihil
572 4145 595 4192 in
610 4146 681 4194 codd.
698 4146 824 4194 confirmat
839 4148 871 4211 (v.
887 4147 1002 4207 lironem,
1016 4149 1155 4213 Garunna).

270 4215 292 4263 3.
309 4215 357 4263 Alii
372 4235 383 4260 «
400 4219 504 4265 tantum
521 4235 541 4263 u.
558 4216 635 4265 Sed«
652 4221 738 4267 lumen
756 4237 768 4262 u
785 4218 809 4266 in
824 4220 921 4282 optimis
937 4221 1010 4272 codd.
1025 4222 1123 4285 legitur,
1139 4237 1217 4285 neque
1236 4223 1358 4284 explicatu
1399 4212 1408 4272 i

209 4333 216 4346 ,
240 4288 340 4336 diiticile
355 4293 393 4336 est
404 4302 409 4336 :
420 4308 431 4333 o
446 4288 534 4336 Tamen
549 4286 597 4336 tos
611 4303 629 4337 a
642 4287 807 4353 consolatory
817 4291 905 4353 force:
915 4293 998 4342 whose
1013 4294 1140 4357 features,
1153 4295 1180 4342 in
1190 4294 1258 4358 spite
1268 4295 1300 4357 of
1309 4292 1356 4353 all,
1411 4306 1420 4360 Ἰ

240 4357 325 4424 miqbt
339 4358 441 4414 remind
451 4374 490 4410 me
504 4360 536 4424 of
545 4374 607 4425 pou.
625 4379 637 4405 o
650 4360 794 4413 Corrnoror.
815 4362 871 4412 ltem
891 4363 987 4413 literas
1004 4378 1009 4412 :
1027 4384 1037 4409 ι(
1055 4365 1144 4414 Tamen
1160 4379 1166 4414 ε
1181 4364 1248 4417 dccli
1263 4366 1358 4430 weniq-
1424 4374 1430 4418 ἓ

240 4435 317 4482 siens.
334 4450 347 4477 s
