2940 5076
247 350 311 414 148
663 374 740 423 raas
764 374 946 420 rasremaa.

244 568 392 635 usquam
413 551 534 637 sponte
555 570 618 615 sua
636 550 720 636 agit,
742 571 854 638 neque
875 548 983 616 libere
1003 548 1171 638 loquitur;
1188 549 1277 617 nihil
1294 571 1371 618 eam

244 676 286 720 ex
304 654 473 721 arbitratu
495 677 557 722 sua
576 660 636 722 aut
654 656 780 737 faeere,
799 663 858 723 aut
877 656 1004 738 dicere,
1022 640 1199 723 autetiam
1219 659 1371 745 cogitare

245 766 350 852 poeta
374 763 547 852 permisit,
581 762 643 830 sed
671 769 763 833 stare
793 763 903 830 voluit
927 769 1057 830 mutam
1081 768 1115 830 et
1139 764 1370 849 immobilem,

247 896 263 931 a
286 868 500 960 decorasque
518 870 635 937 oculas
655 870 824 957 dejectam
845 873 865 938 ¹.
891 900 906 933 »

290 977 366 1059 Qua
388 976 530 1067 quidem
549 978 595 1044 ab
618 978 794 1046 homerica
813 979 984 1046 Nausicaa
1002 978 1192 1070 plurimum
1224 978 1371 1047 Lavinia

245 1084 372 1151 differt.
396 1086 602 1177 Quanquam
628 1088 719 1153 enim
744 1110 869 1174 graeca
898 1110 967 1154 aaa
992 1087 1101 1153 multo
1130 1088 1243 1174 magis
1263 1110 1371 1179 quam

244 1191 353 1259 latina
372 1215 495 1261 revera
511 1193 625 1262 libera
644 1200 696 1263 est
722 1196 840 1285 puella
868 1197 964 1263 suive
994 1199 1200 1285 potestatem
1226 1195 1370 1280 habet²,

247 1322 368 1367 verum
388 1300 540 1367 dominio
560 1305 634 1368 tum
653 1303 771 1368 matris
793 1302 910 1392 (quam
930 1308 1110 1391 tantopere
1135 1304 1366 1393 reveretnr⁸),

248 1428 327 1473 cum
346 1408 453 1496 patris
475 1407 546 1497 (qui
567 1407 657 1474 ultro
679 1430 754 1475 eam
778 1409 901 1497 Ulyssi,
930 1408 1071 1475 minime
1098 1409 1275 1498 postulato
1306 1410 1373 1477 vir-

247 1515 336 1602 ginis
357 1513 518 1597 adsensu,
538 1515 661 1604 offert),
680 1523 794 1582 lamen
816 1516 987 1583 Homerus
1002 1514 1102 1583 nobis
1122 1521 1274 1583 secretas
1296 1517 1372 1604 ejus

246 1622 471 1707 cagitationes
492 1623 667 1711 explicuit,
682 1624 927 1713 interioraque,
946 1628 984 1689 ut
1003 1625 1051 1690 ita
1070 1623 1371 1714 dicam,puellaris

245 1729 350 1794 animi
370 1730 515 1819 aperuit.
541 1729 627 1796 Suas
647 1753 723 1798 esse
743 1732 868 1817 virgini
889 1730 1107 1820 cupiditates
1134 1751 1199 1796 sua
1227 1731 1372 1798 consilia

245 1834 414 1918 videmuS,
437 1857 537 1901 suam
558 1837 660 1903 etiam
680 1838 715 1902 ia
734 1837 881 1903 famulas
900 1836 1119 1926 imperinm⁸.
1143 1836 1290 1927 Propria
1311 1838 1371 1904 ali-

244 1943 451 2032 quantulum
482 1948 578 2010 motu
597 1945 685 2030 agit,
707 1944 946 2034 libertatisque
975 1945 1090 2034 specie
1115 1944 1267 2033 quadam
1286 1945 1370 2011 frui-

244 2057 311 2116 tur.
335 2049 422 2116 Prae
446 2073 482 2117 se
503 2052 568 2117 lert
587 2053 694 2139 igitur
721 2053 854 2119 Alcinoi
885 2052 957 2118 filia
983 2052 1087 2118 soluti
1110 2051 1262 2143 laetique
1282 2074 1367 2118 nan·

244 2158 329 2224 nihil
349 2158 442 2247 quad
462 2159 605 2225 forsitan
624 2161 680 2226 vel
708 2161 743 2225 in
773 2160 896 2249 priscis
922 2159 990 2225 illis
1015 2159 1249 2249 temporibus,
1283 2183 1368 2249 quo·

244 2287 322 2332 rum
341 2265 516 2333 homerica
535 2272 693 2356 poemata
726 2274 946 2334 monumenta
973 2267 1073 2333 nobis
1098 2272 1243 2350 exstant,
1273 2267 1367 2357 apud

245 2373 407 2439 Hellenas
438 2374 570 2440 lacilius
600 2396 704 2463 quam
733 2374 826 2463 apud
846 2373 985 2441 Latinos
1005 2395 1084 2440 cum
1108 2375 1221 2464 patria
1245 2380 1364 2464 pates-

243 2487 313 2547 tate
335 2481 497 2567 canjungi
516 2482 671 2571 patuisse
690 2481 856 2548 credibile
878 2482 963 2550 est‘.

290 2587 436 2678 Insuper
466 2589 519 2654 his
549 2588 801 2654 recordandum
839 2611 977 2678 quoque
1009 2588 1109 2656 nohis
1139 2593 1206 2670 est,
1243 2589 1369 2656 Nausi-

246 2717 343 2762 aaam
364 2717 433 2761 non
449 2695 572 2761 iisdem
592 2696 625 2760 in
646 2695 907 2761 difficultatibus
925 2701 958 2760 et
978 2696 1068 2762 euris
1089 2696 1220 2762 versari
1240 2697 1368 2787 quibus

245 2802 400 2869 Lavinia.
423 2802 585 2868 Felicitan
600 2803 690 2868 enim
709 2802 769 2867 illa
784 2802 868 2868 vivit
886 2803 975 2868 inter
989 2807 1149 2893 parantes
1159 2803 1368 2893 fratresque,

246 2910 455 3000 placiturum
474 2916 676 2999 exspectaus
697 2909 893 2995 conjugem.
907 2909 1366 3000 Laviniaeveraimpendet,

246 3022 296 3101 et,
329 3025 367 3083 ut
393 3018 442 3083 ita
468 3017 598 3099 dicam,
629 3016 798 3083 incumbit
825 3017 941 3083 minax
967 3015 1054 3083 illud
1083 3016 1261 3084 oraculum
1299 3041 1369 3109 quo

244 3125 376 3192 nubere
396 3124 493 3191 illam
513 3125 571 3190 alii
591 3146 695 3214 quam
715 3123 869 3190 advenae
889 3124 1034 3190 vetitum
1055 3125 1139 3207 est⁶,
1160 3125 1208 3190 ita
1236 3130 1275 3191 ut
1303 3127 1369 3192 mi-

246 3255 310 3298 nus
340 3234 443 3299 etiam
468 3232 579 3299 libera
610 3233 654 3297 sit
682 3253 784 3320 quam
815 3236 1013 3320 temporum
1037 3231 1178 3297 illorum
1206 3233 1367 3322 puellae3

246 3341 375 3430 qnippe
396 3362 485 3429 quae
505 3363 548 3405 ne
564 3344 725 3429 parentes
745 3339 886 3427 quidem
907 3361 1012 3427 penes
1033 3339 1092 3418 sit,
1120 3338 1182 3404 sed
1205 3339 1251 3404 ab
1278 3341 1369 3406 iavi-

245 3447 342 3514 dioso
358 3447 498 3513 numine
519 3447 619 3537 quasi
637 3446 864 3528 vindicetur⁷,
897 3444 1077 3528 devotum,
1104 3449 1143 3512 ut
1171 3445 1220 3512 ita
1240 3445 1367 3530 dicam,

276 3643 299 3692 1.
315 3644 396 3700 Aea,
407 3641 450 3700 Xl,
466 3642 519 3691 480.

274 3713 297 3762 2.
315 3713 405 3776 odyss.
422 3712 473 3771 Vll,
489 3713 533 3762 311
553 3727 606 3776 sqq.
621 3740 652 3749 —
672 3711 709 3761 Ci.
725 3711 765 3771 Vl,
781 3711 886 3764 saa-284
908 3716 932 3760 et
950 3711 1019 3774 Vlil,
1046 3710 1092 3759 457
1116 3725 1169 3774 sqq.
1187 3737 1218 3748 -
1242 3710 1279 3760 Gi.
1302 3712 1367 3762 Aen.

244 3783 295 3843 Vll,
312 3785 379 3834 267:
403 3789 490 3846 sponte
512 3800 563 3843 sua,
589 3799 633 3833 nec
656 3784 785 3847 quicquam
809 3788 929 3842 moratus,
949 3783 1041 3831 Ilioneo
1063 3783 1163 3832 Latinus
1185 3782 1259 3831 tiliam
1285 3783 1367 3845 alieri,

243 3857 340 3905 Aeneae
356 3856 500 3904 hahendam.

273 3928 297 3978 3.
315 3927 406 3990 Odyss.
420 3927 460 3988 Vl,
474 3926 655 3989 303-312;v11‚
669 3926 708 3986 53,
725 3925 756 3974 6Ί
771 3940 824 3988 sqq.

273 3999 297 4047 4.
315 3997 711 4062 odyss.v1,25-109;138-140;
728 3996 845 4057 raa-21&
863 3995 977 4046 sai-315.

274 4071 298 4119 5.
316 4071 352 4120 Cf.
370 4072 393 4118 in
409 4070 537 4133 Sophoclis
560 4070 705 4119 Trachiniis
719 4073 753 4130 (v.
775 4068 819 4116 144
841 4068 905 4130 sqq.)
926 4067 1101 4129 lepidissimam
1123 4067 1227 4132 virginis
1248 4068 1274 4117 ia
1295 4068 1367 4118 domo

243 4144 378 4206 parentium
392 4142 490 4191 abditae
505 4147 529 4191 ei
541 4143 680 4191 felicissime
696 4141 728 4189 ibi
743 4139 855 4201 degentis
870 4138 1067 4200 descriptionem.

273 4214 296 4264 6.
312 4214 378 4262 Aen·
394 4213 445 4271 Vll,
461 4214 507 4273 54,
522 4213 565 4272 Xl,
581 4213 611 4262 at
626 4228 679 4276 sqq.

273 4286 296 4333 7.
312 4285 352 4333 Sic
365 4289 388 4332 et
403 4286 426 4331 ia
444 4285 591 4333 Trachiniis
604 4285 719 4345 Dejaaira
734 4283 767 4342 (v.
784 4281 800 4329 3
815 4281 878 4342 sqq.)
895 4280 966 4342 cujus
981 4282 1128 4343 meminisse,
1147 4282 1190 4331 sed
1206 4283 1231 4330 in
1246 4296 1365 4331 summum

243 4357 408 4409 tantummodo
422 4357 501 4419 patuit
516 4356 652 4419 Vergilias,
665 4369 717 4402 nam
728 4356 752 4400 ia
764 4352 846 4400 verbis
857 4351 916 4398 nihil
927 4351 990 4399 inter
1001 4353 1068 4401 iilam
1079 4358 1103 4403 ei
1113 4353 1260 4417 Sophoclem
1271 4353 1364 4402 simila:

496 4459 561 4526 Ἐγὼ
576 4463 601 4514 δὲ
615 4464 657 4512 τὸν
673 4462 730 4513 euti
746 4457 875 4520 <βίον>

492 4535 664 4601 ἔξοιδ’ἕχουσα
675 4535 784 4597 δυστυχῆ
800 4547 825 4580 τε
837 4529 882 4578 καὶ
901 4522 993 4595 βαρὺν,
