2940 5076
242 347 292 412 '62
705 368 782 414 raas
804 368 909 414 rator.

249 564 468 633 compescere
498 544 629 610 nititur.
667 543 738 610 Nec
767 544 951 633 quiequam
978 544 1013 608 in
1045 541 1280 633 pulcherrimo
1309 541 1370 609 illo

249 656 371 741 quarto
391 649 553 737 Aeneidis
572 651 662 717 libro
675 651 853 742 pulchrius
874 672 947 716 esse
968 671 1139 731 censeam,
1152 671 1257 738 quam
1273 650 1370 716 locos

247 758 351 825 istos¹
377 757 438 824 ubi
463 756 636 844 Vergilius
662 759 761 825 nobis
788 759 926 849 exponit
954 762 1083 847 quanta
1106 778 1184 822 cum
1208 756 1369 824 libertate

249 869 283 931 et
315 864 460 930 audacia
492 865 620 930 intimis
656 864 835 931 affectibus
864 865 934 930 suis
963 865 1083 950 regina
1110 863 1264 929 habenas
1302 864 1370 929 im-

248 972 371 1054 mittat,
405 971 599 1067 quibusque
624 973 688 1038 viis
716 973 761 1039 ad
788 972 981 1039 absolutam
1011 977 1044 1037 et
1067 971 1204 1037 feminei
1228 968 1371 1060 pudoris

249 1084 283 1146 et
305 1079 421 1165 regiae
441 1079 559 1167 [omae
579 1079 751 1166 jacturam
775 1079 943 1146 deveniat.
972 1079 1128 1167 Namque
1159 1076 1233 1144 aliis
1257 1078 1371 1166 poetis

249 1191 309 1252 aut
345 1187 515 1252 nascentis
546 1187 644 1253 initia
676 1187 820 1269 amoris,
855 1191 914 1252 ιιιι
947 1185 1021 1272 jam
1054 1184 1163 1251 adulti
1201 1184 1368 1273 impetuS,

249 1298 309 1360 aut
295 1293 530 1359 etxsultantis
550 1294 725 1391 laetitiam,
748 1298 807 1360 aut
826 1315 904 1414 spes
928 1315 968 1359 ac
987 1296 1109 1358 cuncta
1110 1293 1219 1358 tiones
1240 1313 1280 1357 ac
1300 1312 1372 1357 me·

248 1405 316 1484 tus,
345 1404 404 1465 ιιιι
390 1400 625 1467 tdolorest
592 1406 625 1466 et
648 1402 716 1467 iras
736 1402 917 1492 perspicue
944 1422 983 1466 ac
1006 1399 1119 1466 vivide
1144 1398 1371 1488 descripsisse

249 1506 308 1573 da
295 1512 367 1572 nm
388 1513 458 1590 est3
480 1507 566 1574 illud
585 1530 667 1574 vero
693 1508 799 1599 (quod
820 1507 960 1597 quidem
979 1507 1150 1597 perbreve
1173 1506 1261 1573 solet
1247 1506 1368 1596 iesse)

248 1619 397 1706 tempus,
420 1637 488 1704 quo
508 1615 568 1681 diu
586 1615 766 1683 obsessum
792 1617 945 1681 animum
968 1615 1068 1704 quasi
1087 1614 1196 1680 victor
1222 1618 1371 1703 occupat

246 1744 357 1805 amor,
378 1722 415 1788 in
440 1745 549 1812 eoque
568 1723 733 1806 consistit,
760 1750 775 1784 ι(
797 1728 1023 1812 pererratque
1045 1750 1061 1784 ιι
1083 1726 1209 1799 totum,
1230 1721 1371 1810 lateque

250 1828 435 1897 effunditur
454 1834 488 1895 et
511 1829 598 1895 altos
621 1828 754 1897 radices
774 1830 860 1916 agit,
880 1829 1029 1895 -illud
1048 1828 1188 1918 quidem
1212 1826 1372 1918 tempus²

248 1937 365 2003 nescio
386 1958 428 2001 an
451 1937 526 2025 quis
546 1957 697 2024 uuquam
718 1958 796 2002 cum
816 1938 1036 2025 exquisitiore
1056 1937 1198 2002 veritate
1218 1934 1372 2024 descrip-

251 2044 333 2111 serit
352 2064 455 2132 quam
475 2043 594 2125 inhac
613 2045 782 2133 poematis
802 2045 855 2112 sui
875 2044 1043 2135 particula
1063 2042 1248 2130 Vergilius

296 2151 387 2233 Quid
407 2173 487 2217 vero
507 2150 558 2216 illi
577 2151 704 2218 adhoc
725 2152 982 2243 suppeditatum
1000 2151 1113 2217 fuerat
1131 2150 1175 2217 ab
1195 2150 1372 2240 antiquis?

249 2258 390 2349 Lepidis
410 2280 492 2327 sane
511 2258 669 2325 versibus
694 2265 727 2328 et
752 2260 954 2350 Apollonius
983 2258 1136 2340 Medeae,
1164 2264 1198 2324 et
1216 2256 1372 2327 Catullus

249 2364 434 2448 Ariadnae,
456 2366 635 2457 utriusque
655 2370 764 2434 amori
784 2389 858 2434 sese
883 2367 973 2434 ultro
1001 2366 1179 2447 tradentis,
1210 2365 1372 2455 volupta-

249 2479 320 2541 tem
340 2474 464 2541 elocuti
484 2479 583 2556 sunt;
604 2496 685 2542 nam
704 2480 738 2542 et
756 2475 961 2565 Apollonius
980 2473 1092 2540 haec⁸
1115 2495 1122 2541 :

750 2645 813 2707 οὗδέ
825 2651 878 2706 τιν’
894 2644 980 2717 ἄλλην

430 2751 547 2823 μνῆστιν
563 2744 640 2826 ἔχει,
658 2747 778 2829 γλυκερῇ
795 2746 825 2805 δὲ
840 2742 985 2805 nereidem
1002 2743 1086 2825 θυμὸν
1103 2742 1178 2828 ἀνίῃ.

432 2888 519 2906 .......
542 2841 641 2904 ἰαίνετο
657 2845 687 2903 δὲ
702 2844 800 2928 φρένας
812 2843 878 2903 iaco

283 3029 304 3079 l.
322 3031 398 3088 Aen„
413 3029 454 3091 IV,
469 3029 552 3090 56-89,
569 3028 682 3079 130-172.
698 3055 728 3064 -
742 3030 825 3092 Neque
838 3045 885 3079 nou
899 3031 938 3078 his
958 3031 983 3078 in
1002 3030 1062 3078 locis
1085 3030 1207 3078 immorari
1222 3029 1301 3087 decet,
1317 3045 1372 3079 cum

250 3116 265 3149 a
278 3101 418 3150 recentibus
433 3100 552 3149 Aeneidis
568 3101 741 3163 interpretibus
756 3101 833 3150 levius
846 3102 912 3163 justo
926 3103 1098 3164 praetermissa
1111 3105 1134 3149 et
1148 3101 1217 3148 llocci
1234 3100 1318 3149 habita
1331 3103 1372 3149 vi-

250 3172 361 3220 deantur.
374 3171 415 3220 Sic
430 3186 492 3219 unus
507 3186 520 3220 e
535 3171 711 3220 recentissimis
727 3188 733 3220 ε
750 3191 761 3216 «
784 3170 865 3236 Virpz't
881 3175 1062 3221 concentrotes
1076 3171 1116 3220 oli
1131 3171 1170 3219 tis
1179 3186 1266 3234 power
1280 3187 1313 3220 oo
1328 3170 1372 3220 ibe

250 3243 405 3305 description
418 3244 450 3306 os
460 3242 529 3291 Dido
544 3244 571 3291 iu
587 3242 634 3290 lter
648 3241 843 3292 abapdcnment
858 3244 912 3293 und
932 3244 1046 3306 despair,
1061 3245 1170 3306 passinp
1180 3258 1239 3292 over
1253 3242 1296 3292 the
1312 3257 1372 3292 ear-

250 3312 299 3363 lier
314 3316 403 3377 stupea
417 3315 448 3377 cs
460 3312 505 3361 ter
518 3311 592 3376 futat
608 3311 670 3362 love.
689 3333 700 3358 ι)
717 3314 844 3373 Ριιιιιιοιι,
860 3319 877 3365 t.
894 3315 922 3374 ll,
943 3330 966 3376 p.
983 3314 1036 3366 183.

280 3385 304 3436 2.
322 3385 381 3434 Nam
397 3399 444 3433 uno
458 3385 498 3433 die
510 3385 628 3433 contineri
643 3399 809 3448 quaecumque
823 3386 884 3435 locis
899 3387 963 3435 inira
978 3387 1058 3435 citatis
1069 3385 1192 3448 Vergilius
1207 3389 1305 3434 enarrat
1321 3399 1371 3434 non

249 3457 382 3505 verisimile
405 3460 442 3504 est
463 3457 584 3519 (quamvis
604 3456 675 3504 aliter
695 3457 847 3516 Puraaxxur,
864 3457 983 3517 Gossaau,
1003 3458 1117 3506 Foaarena
1139 3463 1163 3507 ιι
1187 3457 1325 3520 aliquando,
1341 3485 1371 3492 -

250 3529 276 3576 in
292 3530 367 3589 Aen„
383 3528 423 3587 lv,
438 3527 478 3587 81,
493 3555 523 3564 -
542 3526 677 3577 Comusrou
691 3529 754 3591 ipse,
774 3531 864 3578 sentire
879 3531 1016 3578 videantur.
1035 3528 1071 3577 Ci.
1088 3530 1217 3587 Scaurum,
1234 3529 1372 3590 Quaestio-

251 3615 296 3648 ιιι
309 3599 481 3664 vespiliones,
496 3615 520 3662 p.
533 3599 635 3662 25sqq.,
648 3601 759 3663 passim.)
772 3601 912 3650 Absurdum
923 3605 960 3649 est
972 3602 997 3649 in
1014 3602 1056 3650 illa
1069 3605 1138 3650 vasta
1152 3601 1231 3664 quarti
1246 3601 1301 3649 libri
1318 3601 1374 3649 des·

251 3672 370 3735 criptione
389 3675 523 3733 temporum
546 3671 665 3719 rationem
689 3686 743 3720 eum
767 3677 852 3721 exacta
874 3672 1002 3722 sedulitate
1020 3677 1160 3735 computare
1184 3687 1189 3719 :
1214 3686 1275 3734 quae
1298 3687 1373 3721 causa

250 3744 297 3793 tuit
311 3742 435 3790 nonnullis
449 3743 625 3804 interpretibus
640 3743 692 3791 sive
705 3757 749 3791 cur
761 3748 853 3792 textum
868 3745 959 3792 trustra
973 3745 1150 3792 emendandum
1163 3746 1301 3801 censerent,
1318 3745 1371 3792 sive

250 3829 294 3864 cur
307 3814 361 3862 loca
374 3814 492 3876 quaedam
509 3828 523 3862 a
537 3813 640 3875 Virgilio
654 3814 795 3876 imperfecta
807 3816 860 3864 sine
874 3817 1020 3865 necessitate
1031 3817 1207 3864 existimarent.
1224 3815 1265 3863 Sic
1281 3816 1373 3864 Praen-

251 3902 315 3936 xxne
330 3886 360 3933 de
380 3884 418 3932 his
433 3886 546 3934 versibus
565 3884 616 3948 (IV,
634 3884 665 3933 84
685 3887 772 3949 sqq.):
792 3906 803 3932 u
817 3888 866 3936 Aut
886 3889 978 3950 gremio
996 3889 1170 3949 Ascanium...,
1191 3892 1237 3936 etc.
1258 3906 1269 3931 »ι
1290 3906 1302 3931 «
1320 3887 1374 3936 Non

251 3959 378 4006 honestum
394 3961 444 4015 est,
460 3957 551 4020 inquit,
568 3957 687 4007 Didonem
707 3958 782 4007 solam
797 3960 878 4008 media
896 3965 965 4009 nocte
981 3960 1022 4023 (cl.
1038 3975 1061 4008 v.
1076 3960 1107 4009 80
1126 3975 1162 4023 sq.
1180 3976 1185 4009 :
1203 3960 1263 4007 Post
1277 3960 1319 4007 ubi
1335 3960 1373 4008 di-

251 4029 337 4092 gressi,
350 4027 428 4086 etc...)
440 4029 464 4075 in
479 4029 550 4077 domo
560 4043 637 4077 vacua
651 4031 782 4078 Ascanium
801 4031 825 4078 in
839 4032 929 4093 gremio
941 4035 1031 4080 tenere.
1049 4049 1061 4076 »
1075 4031 1158 4095 Neque
1171 4045 1230 4080 vero
1246 4029 1372 4093 Vergilius

251 4100 311 4148 dicit
331 4103 389 4147 tunc
409 4099 512 4147 maxime
526 4101 643 4162 temporis
663 4101 794 4150 Ascanium
817 4102 953 4165 amplexam
975 4117 1030 4151 esse
1048 4103 1181 4162 Didonem,
1198 4117 1276 4165 neque
1299 4105 1375 4152 semel

249 4170 413 4220 tantummodo
424 4171 565 4232 amplexam.
578 4171 647 4234 Sapit
660 4174 686 4220 in
696 4174 742 4221 hoc
752 4173 837 4222 saltem
848 4173 993 4232 Cournoron,
1007 4176 1038 4223 de
1052 4175 1137 4223 eodem
1150 4189 1223 4222 versu
1235 4174 1372 4222 disserens.

280 4241 306 4290 3.
327 4241 437 4305 Arpon,
451 4241 492 4301 ιιι,
507 4241 619 4292 ess-290.
636 4272 666 4280 -
680 4243 716 4293 Cl.
732 4243 804 4303 ibid,
822 4245 867 4295 967
890 4260 943 4308 sqq.
961 4247 1001 4295 ubi
1021 4246 1077 4295 Jaso
1098 4251 1121 4294 et
1136 4246 1221 4294 Medea
1239 4260 1294 4293 cnm
1309 4247 1375 4294 duo-

250 4315 296 4362 bus
311 4313 440 4361 arboribus
454 4319 632 4376 comparantur,
649 4331 704 4365 sese
719 4317 750 4365 ad
767 4317 907 4366 alterutram
922 4317 1106 4366 inclinantibus.
1122 4317 1175 4367 Non
1191 4320 1269 4365 antem
1285 4316 1315 4364 ad
1330 4316 1374 4366 hos

251 4385 351 4504 nimiulm
368 4385 599 4506 vequstoszlgepores
612 4386 763 4436 descendere
777 4388 886 4438 voluisse
905 4388 1039 4452 Vergilium
1058 4388 1120 4438 bene
1142 4388 1256 4438 observat
1271 4387 1375 4452 Comiter

251 4470 306 4515 ron,
336 4457 396 4504 ntro
418 4493 435 4518 .‚
446 4470 471 4519 p.
520 4494 525 4506 .
