2940 5076
595 397 692 445 csrur
717 398 867 444 ruarruu.
1249 373 1291 436 55

170 575 258 643 illud
276 577 312 642 in
324 573 569 663 delicatissimo
579 580 683 664 poeta
696 573 871 641 fastidium
888 570 1144 662 reprehendere
1155 573 1293 656 egomet

173 685 290 750 velim.
315 685 476 750 Attamen
501 681 630 751 similes
657 682 805 748 aliorum
833 681 1042 771 scriptorum
1061 678 1154 745 locos
1179 676 1292 743 consi-

173 791 335 858 derantes
351 791 373 874 ¹,
392 789 492 856 solito
512 790 699 856 verborum
725 812 828 856 seusu
848 788 1087 879 prohibemur,
1108 806 1151 851 ne
1170 786 1204 849 in
1225 783 1294 849 dis-

176 904 311 989 ceptato
333 897 410 965 loco
433 899 499 963 isto
525 896 568 964 de
596 897 733 964 Aeneae
754 897 877 963 virtute
906 900 940 962 et
958 892 1072 985 plodio
1102 894 1158 979 agi
1178 891 1296 958 creda-

175 1007 313 1072 mus2...
337 1003 509 1086 Ceterum,
532 1026 731 1094 quanquam
750 1004 864 1070 minus
885 1002 1042 1069 sublimis
1062 1007 1166 1089 atque
1181 999 1296 1066 elatus

177 1122 230 1180 est
257 1113 331 1194 ille,
362 1112 405 1179 ad
434 1135 538 1202 quem
572 1111 809 1203 recipiendum
838 1111 1027 1197 adigimur,
1059 1129 1197 1188 sensuS,
1228 1129 1297 1173 non

176 1221 298 1287 saltem
328 1221 440 1287 minus
468 1220 673 1287 humanitati
702 1220 872 1306 congruit.
903 1218 974 1284 Nec
998 1216 1098 1282 uobis
1129 1220 1188 1282 aut
1211 1214 1299 1282 Ver-

176 1328 259 1414 gilio
278 1327 460 1414 indiguum
481 1328 590 1394 videri
609 1326 725 1410 debet,
747 1332 806 1392 aut
826 1325 971 1406 Didone,
994 1323 1088 1414 quod
1104 1323 1223 1410 junior
1238 1323 1300 1388 illa

177 1436 314 1518 mulier,
337 1438 379 1488 -'-
399 1435 455 1502 cui
480 1458 560 1501 vere
584 1434 753 1501 muliebre
774 1434 950 1520 ingenium
968 1433 1082 1498 inesse
1102 1436 1205 1521 poeta
1228 1435 1299 1496 tam

178 1542 299 1612 sedulo
320 1548 353 1609 ct
371 1547 500 1610 attente
522 1565 584 1609 nos
604 1547 637 1608 et
657 1553 734 1609 ante
754 1546 788 1608 et
806 1548 928 1632 postea
948 1541 1090 1624 monuit,
1113 1579 1156 1588 -
1178 1538 1301 1604 eximia

178 1652 239 1718 illa
268 1651 382 1740 specie
412 1656 679 1732 commoveatur,
706 1672 776 1739 qua
796 1648 911 1716 Venus
930 1649 1008 1740 ipsa
1026 1648 1136 1714 filium
1155 1646 1301 1733 diligen-

178 1759 310 1825 tissime
331 1757 584 1840 decoraverit⁸,
613 1784 629 1820 «
651 1780 689 1825 os
714 1757 938 1847 humerosque
962 1756 1027 1825 deo
1048 1754 1234 1822 similem»
1256 1753 1301 1819 ab

179 1865 241 1932 illa
260 1864 445 1931 redditum.

228 1972 317 2040 Satis
338 1977 390 2038 est
410 1971 492 2038 siin
512 1972 578 2039 hoc
598 1995 736 2063 quoque
757 1972 932 2060 Vergilius
959 1972 1003 2039 ab
1023 1971 1302 2039 antecessoribus

175 2078 333 2179 differat,
363 2079 475 2168 iisque
502 2080 536 2146 et
563 2080 758 2147 urbanitate
783 2086 816 2147 et
842 2082 987 2148 veritate
1013 2084 1179 2170 praestet.
1206 2078 1304 2145 Talia

181 2192 296 2253 autem
311 2186 576 2275 Apollonianam
596 2210 734 2277 quoque
747 2186 905 2256 Medeam
921 2209 1038 2254 secum
1059 2186 1173 2253 animo
1193 2185 1304 2253 revol-

181 2317 262 2360 vere
283 2293 463 2360 videmus‘
485 2316 492 2362 :
911 2317 912 2321 ’
1303 2298 1306 2304 ’

737 2360 843 2473 ΙΠολλᾶι
859 2412 889 2472 δὲ
922 2423 984 2493 υμῷ

344 2506 473 2592 ὥρμαιν’,
490 2509 562 2573 ὅσσα,
573 2509 730 2595 τ’Ἕρωτες
746 2514 922 2595 ἐποτρύνουσι
939 2511 1082 2590 μέλεσθαι.

345 2610 458 2691 Προπρὸ
474 2605 543 2692 δ’ὄὶρ’
559 2610 702 2692 ὀφθαλμῶν
716 2609 756 2669 ’ἑτι
771 2597 795 2670 οἱ
812 2609 957 2670 ἰνδάλλετο
969 2604 1070 2686 advoc,

346 2705 427 2772 αὐτός
443 2698 527 2773 θὀἶος
542 2706 604 2785 ἔην,
620 2706 690 2768 οῗοσί
705 2732 736 2768 τε
752 2708 864 2793 φάρεσιν
880 2705 957 2782 ἐ’στο,

346 2795 396 2863 οἶα
409 2802 514 2889 τ’ἔειφ’,
532 2803 569 2872 ὥς
582 2804 678 2875 θ’ἓζιτ’
689 2810 732 2890 ἐστι
748 2805 855 2891 θρόνου,
873 2805 911 2875 ὥς
925 2830 956 2865 τε
973 2809 1071 2890 θύραζε

346 2902 418 2980 ἤιεν·
434 2904 466 2962 οὐ
481 2905 512 2963 δέ
526 2902 584 2963 τιν’
598 2903 680 2965 ἄλλον
695 2909 806 2966 ὀίσσατο
819 2910 993 2989 πορφύρουσα

349 3001 468 3080 ’ἔμμεναι
483 2999 566 3087 ἀνέρα
580 3003 691 3068 τοῖον...

190 3186 260 3254 Sed
278 3194 416 3278 praeter
434 3190 498 3256 ista
519 3191 604 3257 nihil
624 3192 739 3281 puella
760 3198 898 3283 reputat
917 3193 1065 3282 amplius
1079 3192 1102 3275 ¹⁵,
1124 3197 1309 3282 postquam

188 3294 280 3361 intra
299 3297 492 3383 virgineum
513 3298 710 3365 cubiculum
730 3322 766 3367 se
786 3301 916 3390 recepit
945 3307 978 3366 et
1007 3321 1116 3389 prope
1144 3299 1309 3365 lectulum

192 3403 228 3468 in
247 3402 381 3487 sellula,
403 3406 501 3472 vultu
519 3407 554 3472 in
575 3398 749 3474 sinistram
767 3428 908 3473 manum
926 3407 1056 3490 innixo,
1079 3405 1187 3473 sedet.

225 3597 247 3647 1.
264 3599 300 3650 (ΙΙ.
323 3602 398 3660 Aen„
416 3600 459 3662 Xl,
476 3602 532 3664 641,
546 3601 608 3659 644;
623 3601 642 3660 Ι,
662 3601 725 3662 589;
742 3603 776 3661 ΙΙ,
791 3602 854 3662 2Ι1;
875 3631 905 3638 -
923 3601 966 3661 ΙΙ.,
990 3603 1019 3662 ΙΙ,
1040 3602 1100 3663 478;
1117 3602 1157 3664 ΙΙΙ,
1175 3601 1235 3661 193;
1252 3600 1310 3658 oa,

193 3668 279 3729 XVlIl,
292 3670 337 3732 685
353 3700 383 3707 -
395 3673 494 3732 hrota,
509 3674 617 3736 Arpos,
632 3673 673 3734 ΙΙΙ,
686 3673 732 3722 453
743 3688 794 3737 sq.;
810 3701 840 3710 -
855 3675 926 3733 Hom,
937 3675 995 3739 up„
1006 3689 1048 3733 vu,
1058 3673 1101 3734 263
1112 3701 1143 3709 -
1152 3673 1209 3721 Vin.
1221 3687 1310 3732 ccicc,

193 3739 212 3798 l,
227 3740 273 3790 433
288 3757 357 3805 sqq.;
374 3743 403 3802 ΙΙ,
419 3743 531 3794 asa-492.
549 3771 578 3779 -
594 3743 633 3793 Ol.
649 3745 710 3792 alios
722 3746 822 3808 iusuper
837 3747 904 3794 locos
923 3746 989 3808 apud
1010 3745 1101 3804 Heras,
1118 3743 1260 3801 Aeacides,
1280 3743 1311 3804 Il,

193 3811 248 3871 560,
264 3815 303 3876 qui
319 3815 432 3863 Danureu
447 3830 542 3879 quoque
557 3816 683 3865 Puaruruu
699 3817 770 3875 citat,
786 3832 839 3880 cap.
856 3817 885 3866 12
901 3832 906 3865 :
926 3837 938 3862 ο
956 3818 1062 3866 Aeneam
1078 3817 1172 3877 rufum,
1188 3815 1311 3879 quadra·
1399 3859 1401 3862 ,

196 3886 261 3934 tum.
279 3903 290 3927 ν

224 3954 248 4005 2.
266 3954 302 4008 Cl.
320 3959 472 4022 Paracuaur,
489 3958 609 4020 Waauaa,
625 3959 750 4017 Laurum,
761 3958 1070 4020 Corruorou-Nsrrursurr,
1083 3960 1215 4017 Foaarora,
1230 3959 1315 4007 Hrnav

195 4025 345 4088 (Aeacides,
362 4027 392 4088 ΙΙ,
407 4028 474 4088 560.)

197 4096 249 4217 Μῗ.
276 4099 356 4157 Aea,
384 4099 407 4160 l,
432 4100 547 4150 589-593.
568 4128 598 4136 -
624 4103 720 4150 Aeneae
749 4102 838 4150 formae
866 4102 946 4150 denuo
974 4104 1082 4151 meminit
1111 4101 1235 4165 Vergilius
1264 4099 1315 4165 (IV,

257 4173 321 4234 sqq.)

227 4239 251 4289 4.
268 4243 374 4308 Arpos„
392 4243 433 4303 ΙΙΙ,
449 4243 493 4291 451
511 4257 565 4307 sqq.

228 4311 250 4359 5.
268 4312 409 4378 Quanquam
424 4315 479 4364 aliis
492 4315 589 4364 lasonis
611 4314 711 4364 dotibus
728 4316 829 4378 insuper
843 4318 989 4366 commoveri
1004 4318 1091 4366 Medea
1110 4318 1237 4380 potuisset,
1255 4329 1318 4378 quo-

196 4382 260 4430 niam
267 4397 356 4447 graeco
370 4386 437 4435 heroi
453 4386 541 4434 Herem
554 4385 653 4434 dedisse
667 4386 813 4449 Apollonius
827 4388 898 4450 dicit,
916 4403 964 4437 non
979 4390 1057 4437 solum
1076 4389 1187 4452 corporis
1202 4388 1317 4449 formam,

198 4455 244 4504 sed
260 4460 284 4504 et
299 4477 310 4502 «
327 4457 424 4507 dicendi
439 4459 556 4520 leporem.
575 4473 588 4506 ν
