2940 5076
608 363 705 410 cnrur
730 366 879 412 rmnuu.
1241 345 1304 409 127

232 538 320 621 Quin
342 538 444 604 etiam
465 561 506 605 ea
519 539 595 629 ipsa
609 539 708 606 nitidi
729 546 872 607 ornatus
886 539 1084 629 appetentia
1098 561 1201 606 causa
1216 562 1305 607 mor-

183 647 227 712 tis
246 646 361 712 lutura
380 650 442 712 est.
463 644 549 713 Cum
570 647 681 712 enim¹
703 647 747 714 ab
769 647 941 713 Amazone
967 647 1177 737 prospicitur
1200 647 1304 714 Chlo-

184 775 276 835 reus,
306 752 479 840 Phrygius
510 753 657 840 Cybelae
688 755 864 838 sacerdoS,
895 776 998 821 aurea
1029 753 1163 820 cassida
1193 755 1304 844 capite

184 865 306 942 tectus,
328 881 450 927 crocea
469 860 650 948 chlamyde
669 861 822 945 indutuS,

495 1028 648 1093 peregrina
662 1029 810 1095 ferrugine
825 1030 922 1082 clarus
934 1034 963 1083 et
977 1034 1067 1093 ostro,

316 1149 318 1151 .
371 1107 468 1174 pictus
482 1120 537 1161 acu
553 1109 669 1161 tunicas
687 1115 716 1162 et
730 1111 854 1163 barbara
869 1110 999 1189 tegmina
1013 1122 1146 1173 crurum;

123 1280 126 1285 ·
186 1257 268 1319 tunc
289 1252 445 1340 virginis,
469 1280 485 1315 «
506 1252 677 1319 barbarae
699 1280 715 1314 »
737 1253 992 1343 quodammodo
1012 1259 1046 1319 et
1065 1248 1198 1344 ipsius,¹
1213 1255 1304 1320 oculi

185 1364 280 1426 tanto
298 1361 434 1447 fulgore
454 1364 617 1450 tantaque
642 1360 777 1427 luxuria
795 1362 1114 1451 praestringuntur,
1137 1384 1176 1427 ac
1195 1362 1303 1451 proti-

185 1488 249 1533 nus
272 1494 286 1528 c
308 1467 456 1533 femineo
480 1466 630 1557 praedae
655 1473 689 1532 et
713 1467 903 1558 spoliorum
929 1490 1046 1534 amore
1068 1495 1084 1529 o
1109 1468 1303 1534 inflamma-

185 1578 251 1653 tur,
278 1575 348 1640 sive
373 1580 411 1640 ut
439 1574 577 1664 templis
607 1574 745 1640 hostilia
775 1597 871 1640 arma
906 1574 1056 1662 defigat,
1088 1575 1159 1641 sive
1188 1577 1303 1665 potius

185 1707 202 1742 u
224 1681 360 1771 captivo
378 1709 393 1742 o
411 1687 448 1746 ut
469 1704 504 1747 se
523 1681 610 1747 ferat
628 1682 662 1746 in
680 1704 776 1764 auro,
795 1687 1058 1772 exoptatumque
1071 1682 1237 1772 praedam
1251 1684 1302 1749 in-

183 1787 294 1869 hians,
315 1793 426 1854 totum
446 1811 509 1879 per
527 1810 652 1875 agmen
672 1789 810 1854 incauta
829 1789 996 1879 sequitur.

227 1895 263 1961 ln
283 1896 348 1962 hoc
368 1895 517 1986 denique
548 1918 569 1961 a
595 1894 739 1962 Camilla
758 1895 969 1985 peculiarem
995 1895 1179 1963 mulierum
1203 1896 1301 1963 indo-

181 2000 249 2068 lem
270 2004 391 2069 referri
410 2003 518 2069 voluit
537 2002 723 2089 Vergilius,
749 2002 843 2093 quod
861 2003 973 2068 inanis
992 2003 1122 2088 gloriae
1149 2003 1300 2094 cupidis-

181 2110 279 2191 sima,
302 2111 368 2176 sibi
387 2111 531 2177 nimium
551 2108 711 2192 confidat,
727 2132 839 2199 neque
858 2110 990 2176 viribus
1003 2111 1073 2175 suis
1089 2133 1152 2176 nec
1163 2110 1300 2177 fortuna

179 2216 361 2284 indubitat.
385 2215 521 2307 Quippe
541 2238 629 2307 quae
652 2244 667 2277 «
688 2216 823 2305 prima⁹
846 2243 862 2279 o
880 2216 1024 2306 cupiat:

646 2388 763 2436 tentare
779 2383 906 2449 pericula
920 2382 998 2445 belli,

380 2466 502 2530 soloque
517 2465 680 2531 Tyrrhenos
695 2465 811 2528 equites
826 2465 868 2516 ire
881 2465 967 2517 obvia
980 2465 1111 2533 contrat

224 2611 339 2677 Turno
359 2633 497 2701 quoque
516 2609 582 2701 ipsi
602 2631 680 2676 cum
704 2609 856 2699 superba
881 2610 1105 2699 praecisaque
1128 2610 1296 2677 brevitate

177 2718 347 2809 imperat⁸
367 2722 404 2784 ut
424 2744 439 2779 «
462 2717 568 2809 pedes
588 2717 633 2784 ad
651 2738 768 2783 muros
789 2716 953 2784 subsistat
973 2743 990 2778 »
1012 2722 1046 2783 et

611 2884 728 2938 moenia
744 2889 848 2938 servet.

221 3032 476 3119 Tyrrhenorum
497 3030 602 3116 igitur
622 3034 760 3095 strenuo
776 3028 856 3095 duci
876 3029 1044 3096 secundas
1060 3030 1159 3118 quasi
1177 3033 1293 3118 partes

174 3139 431 3227 ingloriumque
459 3136 615 3202 laborem
644 3135 779 3217 indicit3
810 3135 876 3200 sibi
911 3158 994 3202 vero
1024 3137 1092 3226 ipsi
1120 3136 1292 3202 difficilius

175 3266 261 3334 opus
290 3245 564 3332 nobilioremque
592 3243 804 3333 provinciam
833 3242 996 3310 vindicat.
1027 3244 1098 3309 Nec
1127 3244 1199 3309 sine
1220 3266 1292 3310 cor-

173 3352 325 3418 rectione
357 3351 509 3441 quadam
537 3350 652 3416 Turno
684 3348 901 3440 approbatur
934 3350 994 3415 illa
1026 3351 1129 3440 paulo
1158 3351 1291 3438 jactan-

172 3459 240 3525 tior
259 3458 442 3542 audacia⁸;
465 3479 545 3524 nam
560 3458 718 3548 quamvis

451 3625 551 3678 oculos
566 3623 712 3677 horrenda
726 3625 758 3676 in
771 3624 885 3690 virgine
900 3625 988 3688 fixus,

171 3796 256 3862 fibula
270 3797 322 3846 sive
337 3811 381 3846 acu
392 3797 476 3845 crinali
492 3795 643 3854 feminarum,
659 3796 716 3846 vide
728 3796 858 3854 Funerum,
873 3793 962 3844 Hellas
976 3809 1003 3844 u.
1019 3795 1102 3851 Rom„
1117 3794 1136 3856 l,
1157 3795 1178 3856 l,
1193 3809 1217 3856 p.
1233 3794 1288 3845 325.

170 3869 250 3917 Aliter
264 3873 342 3916 tamen
358 3869 475 3916 censebat
489 3867 599 3916 Donnrus
613 3868 687 3931 (apud
700 3867 809 3929 Bnnorsr)
822 3882 852 3917 1«
866 3868 954 3915 Donat
964 3880 1103 3930 remarque
1117 3881 1167 3930 que
1181 3865 1241 3914 c’est
1253 3880 1289 3913 un

170 3942 303 3988 oroemeot
318 3939 389 3997 oiril,
405 3940 431 3986 et
443 3952 494 3986 oon
507 3952 544 3986 un
558 3937 629 4002 objct
649 3938 681 3987 dc
700 3937 726 3986 lo
746 3937 847 3987 toilette
860 3937 985 3999 feminine
1002 3937 1048 4001 qui
1063 3938 1160 3986 retient
1177 3935 1215 3984 les
1229 3936 1290 3984 clre-

169 4025 238 4059 veux
251 4009 283 4059 de
298 4008 326 4059 la
336 4011 418 4074 jeune
434 4008 576 4072 querricre.
594 4028 605 4053 »
622 4009 658 4059 Cl.
678 4010 739 4068 L1v.,
756 4008 870 4068 XXXIX,
884 4023 949 4068 xxxi,
965 4008 1031 4071 apud
1047 4008 1193 4058 Forculum.

202 4081 225 4133 1.
242 4084 306 4131 Aeo.
321 4082 369 4142 Xl,·
380 4079 495 4130 aua-784.
1216 4084 1219 4091 ’

201 4154 225 4203 2.
241 4154 303 4204 Aen.
319 4152 364 4212 Xl,
377 4152 432 4201 505.

200 4224 225 4276 3.
243 4225 306 4275 Aeo.
322 4224 365 4283 Xl,
378 4223 433 4273 504.

200 4296 224 4346 l.
241 4297 307 4346 Aen.
323 4295 366 4354 XI,
379 4294 433 4345 506.

200 4367 224 4417 5.
244 4368 314 4416 Haud
337 4366 468 4416 dissimilia
484 4371 541 4415 sunt
563 4367 628 4429 apud
650 4366 759 4426 Quiumu
776 4366 944 4414 Penthesileae
962 4366 1070 4428 superba
1085 4366 1169 4427 verba,
1190 4365 1287 4413 Priamo

170 4438 288 4488 audacter
302 4438 441 4502 pollicentis
456 4438 569 4493 facillima
584 4438 636 4488 tore
651 4442 676 4488 ut
690 4452 705 4488 a
718 4452 745 4486 ae
759 4436 831 4499 Troja
845 4440 966 4485 servetur.
