2940 5076
594 403 691 451 usrur
717 403 867 450 marran.
1249 380 1291 446 57

172 577 281 666 Cujus
312 585 428 645 autem
456 578 550 646 modi
578 600 700 648 sensus
720 607 736 641 «
760 577 1010 660 Phoenissae»,
1035 604 1052 639 «
1073 573 1235 645 Sidoniae
1256 601 1288 658 u,

170 684 298 752 Didoni
323 687 505 753 convenire
530 686 704 773 Vergilius
728 688 915 753 arbitratus
944 690 1006 752 est.
1030 683 1165 774 Quippe
1184 682 1290 773 ¹quam

172 816 191 859 e
215 799 318 880 gente
347 795 561 860 commerciis
587 795 687 861 unice
707 794 825 861 dedita
842 799 965 875 ortam,
985 792 1127 883 pacifico
1147 797 1181 859 et
1199 812 1291 857 mer-

172 902 280 968 catori
303 901 433 991 populo
452 901 701 991 imperantem,
723 907 867 992 nuptam
888 901 971 967 olim
991 901 1065 966 viro
1085 899 1145 988 qui
1165 898 1291 988 etipse

171 1008 326 1098 prolecto
346 1006 444 1075 dives
465 1010 720 1095 negotiatione¹
739 1009 850 1075 factus
869 1008 1001 1090 luisset,
1015 1004 1100 1096 quid
1119 1007 1244 1072 mirum
1264 1006 1294 1073 si

174 1121 352 1182 strenuum
379 1114 479 1182 illum
506 1117 592 1183 tanti
616 1117 836 1206 superstitem
864 1115 947 1181 belli
970 1115 1113 1181 militem
1141 1113 1293 1179 inhiet²l

175 1221 267 1304 Quid
286 1223 332 1306 si,
356 1222 400 1289 ad
421 1224 622 1313 superbiam
646 1229 765 1314 utpote
798 1245 886 1313 quae
911 1223 971 1304 sit,
997 1217 1182 1287 mulierum
1205 1221 1290 1303 ritu,
1378 1308 1380 1317 ,

171 1330 348 1418 proclivis,
371 1352 412 1397 eo
427 1353 567 1420 quoque
587 1331 844 1420 permulceatur
862 1328 956 1420 quod
970 1329 1115 1397 Veneris
1135 1327 1293 1394 subolem
1352 1376 1356 1382 -

172 1440 263 1503 tecto
283 1437 479 1527 exceperit?
500 1437 564 1504 Tot
583 1443 617 1506 et
635 1438 729 1521 talia,
750 1436 787 1504 ni
804 1436 919 1518 fallor,
931 1436 990 1503 ille
1009 1437 1100 1502 inter
1118 1435 1202 1502 alios
1223 1456 1294 1501 am·

172 1541 336 1632 plectitur
354 1565 475 1612 versus
497 1567 504 1614 :

299 1740 371 1803 Quis
384 1742 490 1791 nouus³
501 1739 550 1793 his
563 1742 662 1792 uostris
675 1741 818 1795 successit
831 1741 935 1792 sedibus
948 1740 1061 1806 hospes?

172 1913 235 1980 His
260 1913 376 1980 verbis
396 1913 519 1981 leviter
537 1919 700 2002 tangere,
722 1913 886 1981 decenter
905 1914 1096 2003 exprimere
1118 1912 1293 2000 Vergilius

173 2020 258 2087 mihi
276 2018 415 2088 videtur
439 2019 528 2088 illud
550 2021 719 2088 mirabilis
745 2021 913 2112 cujusque
933 2021 985 2087 rei
1004 2019 1176 2104 studium,
1197 2020 1293 2087 illam

172 2129 391 2196 insolitorum
430 2128 647 2212 aviditatem,
675 2129 853 2200 fastidium
886 2129 1037 2217 denique
1066 2127 1153 2194 illud
1182 2128 1295 2218 quoti-

174 2234 296 2302 dianae
320 2236 412 2303 vitae
438 2242 749 2327 consuetarumque
769 2237 1086 2319 conversationum,
1107 2258 1196 2326 quae
1216 2236 1294 2325 qui-

174 2342 255 2410 dem
275 2343 370 2434 apud
396 2347 551 2411 recentes
575 2345 734 2418 fictarum
759 2344 995 2412 narrationum
1020 2343 1076 2410 vel
1101 2342 1295 2410 comoedia-

173 2474 252 2517 rum
273 2453 457 2542 scriptores
476 2475 546 2519 uno
565 2453 717 2543 quodam
736 2452 862 2541 gallico
878 2452 984 2519 verbo
1004 2451 1196 2538 significata
1215 2472 1294 2517 con-

173 2560 326 2626 tinentur
356 2581 364 2627 :
397 2581 465 2650 quo
503 2560 645 2650 quidem
677 2561 727 2627 uti
755 2562 870 2651 potius
903 2560 1020 2627 malim
1051 2581 1156 2650 quam
1189 2560 1293 2647 longo

172 2667 445 2758 impropriorum
464 2669 650 2736 verborum
669 2669 815 2736 circuitu
834 2688 909 2735 rem
928 2667 1114 2735 obscurare
1126 2665 1149 2735 ⁴.

702 2917 766 2988 Vll
782 2911 784 2917 ’

377 3133 454 3187 QUID
477 3133 627 3176 mansur
649 3132 761 3176 ANNAE
785 3131 931 3177 CONSILIA
954 3130 1103 3176 Morinum

218 3296 404 3388 Proprium
424 3303 540 3364 autem
558 3296 645 3363 illud
665 3319 803 3388 quoque
823 3294 1043 3383 Vergilianae
1063 3295 1206 3367 Didonis
1228 3300 1291 3380 est,

174 3403 269 3494 quod
299 3427 496 3495 quanquam
525 3405 629 3471 tantis
658 3408 692 3470 ct
717 3405 834 3471 oculos
863 3410 897 3470 et
923 3405 1077 3470 animum
1105 3404 1292 3471 sollicitan-

205 3598 230 3647 1.
244 3599 319 3658 Aen,
342 3599 365 3659 l,
385 3598 532 3648 stazano
551 3602 639 3663 conjux
654 3599 778 3663 Sychaeus
795 3603 860 3659 erat,
882 3599 1019 3648 ditissimus
1039 3599 1100 3664 apri
1114 3598 1293 3650 Phoenicum...

172 3669 239 3719 Haec
258 3671 358 3734 vulgata
378 3672 450 3719 lectio
469 3671 551 3734 (qnam
566 3672 691 3733 onusn,
711 3671 838 3730 Lucrum,
858 3671 970 3729 Bsuorsr,
992 3669 1293 3730 Comuorou·Nrrr·unsarr,

173 3741 308 3804 recipiunt,
324 3742 387 3791 inter
405 3744 578 3804 recentiorest3
595 3748 660 3792 recte
675 3747 754 3791 tamen
774 3742 833 3791 mihi
849 3743 970 3805 conjicere
984 3743 1099 3790 videntur
1112 3741 1185 3807 Hurr,
1203 3741 1294 3802 Herae,

172 3811 318 3862 Prrnuxmr
328 3817 352 3862 et
363 3813 478 3862 Rranscx:
490 3815 627 3864 ditissimus
636 3829 702 3863 curo
713 3814 869 3864 Phoenicum.
879 3841 910 3850 —
918 3812 954 3862 Cl.
967 3812 1079 3876 ltraarcx,
1087 3809 1200 3877 Proqu,
1207 3811 1294 3876 psal,

171 3884 213 3946 qui
228 3898 316 3933 versus
330 3888 404 3944 Aen,
419 3885 438 3946 l,
453 3883 508 3945 319,
524 3885 570 3935 358
585 3901 651 3950 sqq,
666 3885 712 3936 361
727 3886 829 3954 conlert.

200 3955 224 4006 2.
241 3955 278 4007 Cf.
295 3957 320 4005 in
332 3955 374 4016 lV,
391 3956 446 4017 617,
462 3958 563 4006 Bauorsr
579 3972 584 4006 :
606 3979 617 4003 u
633 3957 657 4006 11
671 3960 709 4006 est
723 3956 920 4006 oruisembtohte
935 3970 987 4021 que
1004 3954 1091 4005 Didon
1106 3969 1123 4004 n
1138 3955 1295 4005 demanded

171 4026 240 4076 Erec
255 4042 351 4077 comme
370 4042 407 4077 un
425 4030 545 4078 souveuir
559 4029 592 4078 de
612 4044 653 4078 ses
670 4027 783 4093 enploits
804 4031 830 4077 et
850 4043 886 4077 uu
904 4042 971 4094 pope
987 4025 1109 4076 d'umour
1129 4025 1208 4090 l'epee
1230 4023 1296 4091 qu'il

167 4100 272 4162 perluit
286 4113 347 4148 aver
357 4097 404 4151 lui.
422 4119 434 4144 u
446 4127 478 4137 -
492 4100 535 4149 llle
548 4103 628 4149 tamen
640 4102 708 4149 locus
723 4101 843 4163 quomodo
858 4104 976 4162 congruat
990 4113 1044 4147 cum
1058 4098 1099 4157 IV,
1110 4097 1165 4157 5111,
1177 4113 1224 4148 non
1236 4100 1296 4147 satis

170 4171 302 4232 perspicuo
325 4171 415 4234 liquet,
436 4172 531 4220 tametsi
551 4174 668 4231 Berorsr,
688 4186 791 4234 quocum
810 4175 917 4220 ceterum
939 4171 1060 4219 consentit
1081 4169 1214 4229 Formosa,
1230 4175 1295 4218 recte

169 4242 238 4289 illum
250 4242 401 4292 intellexisse
415 4243 475 4291 mihi
489 4243 611 4294 videatur.
627 4243 664 4291 ef.
679 4242 730 4291 Su.
749 4242 822 4302 Ima,
833 4242 895 4302 Vlll,
912 4242 965 4291 118.

200 4312 226 4364 3.
238 4333 250 4358 u
262 4312 395 4366 Nouueou.
404 4312 499 4364 ceu-rt
509 4313 636 4379 different
649 4312 694 4363 des
703 4312 776 4362 botes
785 4313 945 4373 ordinaires,
955 4312 1147 4379 remurquuble.
1161 4334 1172 4359 11
1184 4315 1293 4364 Bnuo1sr.

202 4385 226 4436 4.
246 4405 258 4430 u
276 4385 463 4451 Romanasque.
481 4405 493 4430 »
511 4384 581 4444 Quod
604 4386 702 4448 quidem
719 4386 835 4446 verbum,
856 4387 896 4435 vel
920 4386 977 4435 huic
1001 4386 1152 4450 consimilia,
1175 4391 1295 4449 usurpant

171 4457 282 4506 nonnulli
297 4457 377 4506 critici
400 4459 526 4522 1111111111,
548 4457 674 4516 Foaarcaa,
696 4456 841 4520 Conrnuron)
860 4462 886 4506 ut
899 4459 1027 4523 proprium
1046 4470 1124 4523 genus
1141 4457 1294 4522 Vergilianas
1381 4478 1386 4487 ·

171 4530 321 4579 inventionis
337 4528 464 4581 deliniant.
1189 4591 1202 4635 ὃ
