2940 5076
607 380 705 428 carus
731 383 880 429 vaurum.
1266 365 1309 428 ’Π

189 556 257 624 sibi
279 556 346 646 ipsi
365 560 511 622 mortem
531 557 763 624 conscivisse?
785 557 886 640 Quod
906 557 1046 648 quidem
1065 557 1257 646 Vergilius,
1280 561 1310 626 si

185 664 361 747 libuisset,
382 685 423 730 eo
442 662 577 731 facilius
596 666 767 756 potuisset
786 665 880 756 quod
898 665 960 732 illa
984 667 1072 754 ipsa,
1094 689 1183 756 quae
1204 689 1310 757 supra

186 773 454 839 memoravimus
474 771 518 838 de
537 771 669 839 Elissae
688 772 804 839 indole
818 773 863 839 ab
878 774 1053 840 historicis
1067 775 1191 864 priscis
1204 775 1309 841 fuisse

186 880 339 967 vulgata,
366 878 551 948 suaderent
579 885 617 946 ut
643 880 753 967 tyriae
780 881 921 967 reginae
948 887 1084 969 agreste
1113 881 1246 972 aliquid
1276 887 1310 949 et

186 987 404 1054 intractabile
422 986 632 1053 infunderet.

230 1094 414 1162 Enimvero
435 1095 549 1184 quarti
560 1094 642 1161 libri
660 1094 765 1161 finem
784 1096 820 1161 in
839 1093 931 1161 hunc
950 1094 1057 1163 ferme
1078 1096 1221 1163 modurn
1240 1097 1309 1163 dis-

186 1201 338 1294 ponendi
356 1199 451 1268 haud
470 1201 541 1268 scio
560 1223 604 1268 an
624 1198 724 1268 ‘mens
743 1202 915 1293 quaedam
934 1201 1126 1289 Vergilium
1150 1204 1305 1270 subierit.

187 1309 276 1377 Nam
306 1308 445 1399 quando
478 1309 630 1398 primum
661 1306 750 1375 Dido
781 1309 934 1376 Aeneam
971 1309 1025 1376 his
1063 1311 1177 1377 verbis
1215 1333 1307 1378 com-

186 1417 320 1508 pellat:

386 1583 579 1637 Dissimulare
593 1582 684 1636 etiam
699 1584 834 1648 sperasti,
850 1585 969 1650 perfide,
986 1589 1104 1639 tantum

385 1668 472 1722 posse
487 1655 581 1719 nefas,

184 1890 362 1958 exordium
393 1891 548 1981 profecto
576 1889 822 1960 stomachantis
846 1891 934 1958 illud
958 1898 1020 1975 est,
1043 1899 1077 1960 et
1102 1894 1147 1960 ad
1171 1896 1306 1982 majora

182 2022 261 2067 mox
281 2020 355 2068 sese
374 2000 583 2066 invecturae.
606 1997 738 2065 Exinde
758 2020 840 2066 vero
862 2022 1002 2066 cursum
1024 2001 1195 2090 Vergilius
1222 2026 1305 2093 pro-

181 2107 274 2174 tinus
294 2109 415 2188 mutat,
438 2110 473 2171 et
491 2105 591 2195 quasi
610 2127 689 2171 cum
718 2104 834 2195 ipsum
862 2106 1020 2195 proditae
1045 2107 1187 2175 Didonis
1217 2133 1304 2198 quo-

182 2212 367 2280 dammodo
387 2212 546 2302 puderet,
564 2212 608 2278 ad
627 2235 668 2278 ea
684 2213 798 2303 potius
815 2234 850 2279 se
865 2214 971 2280 refert
986 2237 1074 2304 quae
1090 2214 1135 2281 ad
1149 2222 1303 2283 nostram

180 2320 319 2407 reginae
348 2318 598 2387 conciliandam
622 2319 898 2387 benevolentiam
921 2320 1046 2388 idonea
1070 2323 1148 2389 sint.
1173 2324 1303 2390 Exorsa

180 2427 285 2515 igitur
302 2426 410 2493 feroci
429 2432 463 2494 et
491 2427 636 2493 altisono
660 2449 719 2494 ore
743 2425 845 2510 Dido,
868 2426 911 2494 ad
939 2427 1162 2496 submissiora
1188 2431 1301 2497 subito

181 2534 389 2604 descendit:

593 2702 712 2769 perfide,
729 2708 847 2756 tantum

212 2837 215 2841 .
303 2798 390 2850 posse
404 2785 498 2848 nefaS,
513 2785 661 2850 tacitasque
674 2798 734 2834 mea
749 2784 871 2834 decedere
882 2791 963 2838 terra.

178 3029 253 3096 Non
278 3028 352 3116 jam
377 3022 495 3118 igitur,
518 3028 772 3096 animadvertas
801 3051 946 3120 quaeso,
973 3030 1155 3096 consilium
1183 3031 1298 3120 ipsum

179 3163 195 3197 a
221 3136 445 3203 decedendi»
465 3176 508 3188 -
530 3136 647 3226 (idque
666 3136 891 3204 lenocinantis
910 3136 1085 3222 εὐφημισμὸς
1101 3138 1164 3227 est)
1178 3175 1222 3187 —
1238 3139 1297 3205 ob-

173 3243 309 3332 jurgat;
341 3244 515 3311 silentium
545 3244 783 3311 tantummodo
812 3245 1001 3334 profecturi
1030 3245 1295 3335 vituperandum
1394 3282 1396 3287 .

176 3358 303 3420 censet.
318 3353 363 3419 Et
378 3353 452 3439 jam
471 3352 550 3418 inde
570 3352 615 3418 ab
629 3352 695 3417 hoc
714 3352 789 3419 loco
805 3351 975 3418 Didonem
991 3351 1165 3439 Vergilius
1186 3354 1295 3420 oculis

175 3460 301 3526 nostris
321 3459 461 3546 subjicit
479 3459 590 3546 magis
615 3482 653 3526 ae
674 3460 783 3545 magis
801 3459 938 3547 (graeco
956 3460 1013 3525 hie
1036 3482 1174 3550 quoquc
1194 3462 1294 3527 venia

174 3568 233 3651 sit,
258 3573 375 3658 utpote
394 3567 545 3650 meliori,
568 3568 701 3657 opinor,
726 3567 845 3657 verbo)
871 3579 1110 3657 ταπεινουμένην;
1132 3568 1293 3660 illiusque

173 3672 393 3756 humilitatis,
415 3675 627 3765 prolabentis
649 3675 819 3765 usquead
840 3680 1002 3758 extrema,
1017 3676 1160 3762 singulis
1180 3677 1294 3764 gradi-

172 3782 238 3849 bus
271 3782 482 3872 explicandis
516 3782 743 3850 libentissime
777 3788 887 3850 vacat.
926 3783 1062 3874 Quippe
1095 3784 1190 3873 quod
1224 3806 1292 3851 non

173 3888 285 3956 solum
318 3890 354 3956 in
387 3890 452 3957 hac
485 3892 600 3980 priore
635 3889 777 3958 Didonis
806 3890 851 3957 ad
886 3891 1041 3957 Aeneam
1078 3891 1292 3959 oratiuncula

172 3997 329 4084 attingat,
343 3997 404 4064 sed
418 3998 454 4064 in
469 3998 606 4066 duobus
618 3999 761 4089 insuper
778 3998 875 4081 locis,
891 3999 952 4065 ubi
966 3999 1052 4065 tales
1067 3999 1112 4065 ad
1130 3998 1291 4070 lacrimas

171 4126 361 4195 precesque
382 4127 584 4173 conversam
603 4104 774 4172 Didonem
793 4105 954 4172 ostendit.

215 4210 316 4278 Initio
345 4217 476 4294 autern,
499 4235 578 4279 cum
597 4213 707 4278 nescit
725 4213 903 4279 etiamtum
922 4213 1042 4300 regina
1062 4235 1145 4279 num
1170 4214 1292 4280 immo-

171 4322 245 4383 tum
274 4318 448 4409 fixumque
477 4320 592 4385 animo
615 4320 753 4386 Aeneae
777 4320 821 4386 sit
840 4320 947 4404 abire,
969 4321 1042 4407 ejus
1063 4322 1291 4390 constentiam

172 4425 329 4494 sollerter
361 4448 526 4518 aggressa
556 4432 680 4512 tentat,
717 4427 744 4494 si
773 4449 878 4519 quam
908 4429 1192 4520 praeteritorum,
1235 4431 1290 4512 vel
