2940 5076
539 389 636 439 curor
661 390 809 439 ererum.
1190 366 1233 433 69

112 567 212 651 fuit¹,
234 572 351 657 poeta,
373 567 432 657 qui
456 566 598 637 heroem
625 589 726 637 suum
743 567 877 634 facilius
899 571 934 633 et
957 565 1059 632 altius
1084 585 1234 630 commo-

114 680 188 742 tum
207 696 276 741 uon
304 674 434 742 fecerit.
466 672 607 741 Constat
635 676 727 742 enim
750 698 843 743 nunc
872 674 990 752 nobis,
1014 676 1048 739 et
1074 673 1233 761 antiquos

114 802 228 848 mores
248 804 288 847 ac
306 804 439 863 sensus,
456 787 490 849 et
508 781 653 868 Vergilii
672 783 780 873 ipsius
801 782 982 849 consilium
1002 778 1125 846 melius
1139 801 1235 869 pers·
1282 864 1286 871 .

113 888 337 978 picieutibus,
360 889 459 955 aliter
482 888 601 975 effingi
625 890 779 956 Aeneam
800 912 868 956 nou
898 889 1090 955 debuisse².
1119 884 1152 952 Is
1181 890 1234 951 est

115 997 188 1062 sine
207 995 311 1062 dubio
331 1018 436 1085 quem
454 1019 529 1063 esse
551 998 703 1086 oportuit
721 997 877 1084 trojanus
892 997 1013 1078 heros,
1036 993 1098 1060 sed
1116 998 1233 1059 tamen

111 1103 268 1189 ingratus
289 1108 363 1185 est3
385 1125 497 1193 neque
523 1104 641 1185 aliam,
664 1110 703 1170 ut
718 1105 852 1194 opinor,
882 1103 926 1171 ob
947 1123 1105 1183 eausam,
1129 1121 1234 1189 quam

114 1209 208 1299 quod
226 1210 330 1276 talem
357 1209 543 1294 Didonem,
565 1211 705 1300 qualem
725 1212 903 1293 miramur,
926 1209 1102 1296 Vergilius
1128 1207 1234 1275 infor-

113 1318 232 1385 mavit.

159 1423 245 1493 Volo
265 1425 357 1491 enim
383 1425 498 1508 illum,
527 1426 587 1516 qui
615 1433 686 1493 tam
705 1426 855 1493 libenter
873 1427 908 1492 in
931 1454 946 1488 u
975 1425 1134 1492 dulcibus
1164 1429 1235 1491 ter·

113 1532 184 1598 ris⁸
205 1559 221 1594 »
240 1532 406 1600 hactenus
436 1533 735 1617 commorabatur,
761 1534 863 1602 nimis
891 1534 957 1600 cito
983 1541 1016 1599 et
1044 1532 1234 1622 improviso

116 1644 354 1706 «ovantem...
385 1639 507 1713 ardere
527 1668 542 1702 »
564 1644 602 1706 ut
628 1641 748 1723 abeat3
779 1642 908 1731 quique
936 1641 1055 1731 priora
1082 1639 1233 1706 Deorum

113 1745 276 1813 mandata
295 1769 335 1813 ac
353 1749 525 1836 promissa
543 1749 805 1839 recentioraque
825 1749 933 1838 patris
950 1748 1061 1838 ipsius
1076 1747 1086 1782 ⁸
1107 1747 1237 1813 monita

113 1857 185 1920 tam
203 1853 304 1921 facile
323 1859 384 1921 aut
402 1855 671 1922 obliviscebatur
695 1860 754 1922 aut
782 1856 1040 1937 contemnebat,
1062 1855 1164 1921 nimis
1184 1875 1237 1920 re·

113 1967 216 2050 pente
236 1967 353 2052 atque,
381 1968 419 2029 ut
437 1964 486 2029 ita
504 1962 636 2048 dicam,
666 1964 813 2054 abrupte
841 1962 885 2030 ad
905 1963 1048 2030 meliora
1068 1962 1235 2030 converti.

113 2107 158 2118 -
185 2068 311 2136 Fateor
349 2069 552 2136 effusissime
584 2071 795 2137 lacrimantis
824 2071 860 2137 in
890 2071 965 2137 aliis
992 2069 1233 2138 occasionibus

114 2175 231 2242 herois
250 2182 330 2243 tune
351 2178 510 2244 sicciores
527 2177 622 2264 justo
642 2178 760 2245 oeulos
785 2200 860 2244 esse
874 2179 897 2260 ⁵,
920 2177 1076 2267 adeoque
1097 2199 1178 2243 eum
1199 2198 1235 2242 se

114 2290 289 2373 praestare
319 2289 532 2354 constantem
559 2290 597 2352 ut
622 2285 729 2352 durus
750 2287 793 2351 sit
806 2287 829 2353 ⁶.
850 2284 1071 2353 —Concedo
1099 2285 1235 2372 exejus

114 2412 173 2458 ore
200 2392 366 2458 nonnulla
391 2392 671 2459 contumeliosius
696 2378 787 2460 dieta
813 2394 904 2460 exire
925 2394 948 2475 ⁷,
970 2413 1085 2459 rerum
1106 2393 1235 2458 verita-

144 2586 166 2636 1.
187 2585 223 2638 Cf.
242 2587 472 2647 Serus-Eversum,
492 2588 618 2648 Vocrrrns,
636 2592 683 2638 etc.
698 2615 728 2625 —
742 2588 764 2637 J.
782 2588 873 2648 Hesus,
886 2588 927 2650 qui
938 2587 1015 2651 magis
1027 2589 1120 2650 justum
1139 2601 1165 2636 se
1176 2600 1234 2650 erge

112 2659 219 2708 Aeneam
233 2659 351 2721 praebere
361 2661 431 2720 solet,
440 2660 500 2708 illud
514 2664 594 2709 tamen
608 2665 633 2708 et
646 2661 714 2722 ipse:
731 2679 743 2704 a
760 2659 865 2722 [Aeneas
880 2660 910 2722 is]
925 2663 968 2708 not
982 2660 1007 2708 in
1019 2660 1074 2708 love
1088 2657 1232 2722 with-(he

68 2799 73 2806 Ι
113 2744 165 2778 was
181 2732 222 2778 too
236 2730 352 2794 courtly,
369 2734 411 2780 too
425 2729 610 2780 eold-beurted
623 2731 660 2779 lor
674 2730 735 2794 that)
746 2757 776 2767 -
793 2731 838 2779 but
852 2731 951 2793 making
965 2731 1019 2780 love
1037 2734 1061 2779 to
1076 2729 1148 2781 Dido.
1166 2749 1177 2775 a
1194 2728 1232 2780 Cf.

113 2814 242 2991 :udralill
253 2801 293 2922 lii
305 2803 423 2936 disideras,
439 2875 475 2924 Lu
490 2873 607 2938 Reliqion
622 2874 738 2923 romulae
752 2878 776 2923 et
785 2871 920 2923 Nouvellea
934 2873 1109 2924 Promeaades
1124 2871 1235 2923 archeo-

124 2957 295 3076 <affixam
312 3043 342 3053 -
357 3016 393 3068 Cf.
409 3017 471 3067 221:
486 3037 497 3062 a
511 3018 601 3066 oblitos
616 3017 692 3066 famae
708 3017 816 3066 melioris
830 3021 947 3067 amantes.
965 3037 976 3062 u

145 3086 169 3136 l.
187 3086 228 3149 IV,
243 3086 288 3136 351
304 3103 357 3151 sqq.
374 3088 448 3148 Quasi
464 3089 586 3153 Vergilius
610 3090 707 3138 Aeneae
721 3088 833 3137 auxiliari
849 3093 873 3137 et
887 3103 1030 3138 succurrere
1043 3090 1145 3153 ejusque
1159 3102 1236 3139 excu·
1328 3113 1331 3119 ·

115 3158 233 3206 sationem
248 3159 391 3208 confirmare
406 3159 488 3220 vellet,
504 3159 551 3209 hoc
565 3161 590 3208 in
604 3160 659 3209 loco
674 3173 773 3208 causam
787 3159 857 3210 affert
871 3160 901 3208 de
913 3174 961 3224 qua
975 3161 1042 3210 nulls
1057 3166 1128 3210 antea
1141 3161 1233 3211 mentio

116 3230 178 3278 facta
193 3234 239 3281 est.
253 3231 400 3280 Mercurium
414 3231 536 3296 vidimus,
551 3245 599 3280 uon
615 3231 756 3282 Anchisam.

148 3301 171 3351 5.
189 3301 230 3364 IV,
243 3301 304 3353 449:
325 3303 450 3352 Lacrimae
465 3303 597 3352 volvuntur
616 3303 710 3352 inanes.
729 3302 814 3353 -De
837 3303 945 3352 lacrimis
969 3303 1073 3353 Didonis
1091 3308 1115 3352 et
1136 3304 1236 3363 Annae,

117 3373 267 3436 forsitanque
281 3374 441 3436 Trojanorum
457 3375 574 3438 ipsorum,
596 3373 699 3423 Didonis
714 3374 798 3424 dolore
817 3380 1002 3434 commotorum,
1019 3375 1058 3423 hic
1077 3375 1170 3438 agitur;
1185 3388 1235 3423 non

117 3444 149 3492 de
164 3445 261 3493 Aeneae
275 3445 392 3494 lacrimis.
409 3445 445 3494 Cf.
462 3447 487 3494 iu
501 3446 526 3496 h.
542 3444 569 3507 l.,
585 3445 702 3505 ertrer,
719 3445 863 3507 Coumeroru
873 3446 983 3504 Beuomr,
1000 3447 1130 3505 Formosa,
1145 3450 1193 3497 etc.
1207 3471 1238 3506 ,-

117 3516 287 3565 adversantur
302 3516 425 3577 Wseuae,
436 3517 560 3578 Leoswra,
574 3517 666 3577 Hsuer,
678 3521 725 3570 etc.
738 3532 828 3581 easque
839 3519 892 3567 sine
906 3531 981 3566 eausa
990 3519 1087 3567 Aeneae
1099 3517 1235 3567 vindicant.

149 3587 173 3639 6.
191 3588 231 3648 IV,
247 3587 314 3638 438:

562 3681 623 3697 .....
638 3651 739 3708 talesque
751 3652 877 3696 miserrima
890 3650 956 3694 fletus

452 3715 536 3772 fertque
550 3715 661 3770 refertque
671 3726 772 3758 soror...

121 3833 133 3858 r
140 3812 192 3863 Non
199 3811 326 3877 abstersa,
333 3815 375 3876 qui
389 3814 450 3863 nihil
466 3814 588 3874 dicit,sed
601 3827 616 3862 a
629 3813 724 3862 Didone
739 3814 786 3862 fert
800 3816 824 3861 et
839 3813 922 3872 refert,
934 3812 1007 3860 idest
1026 3812 1113 3861 iterum
1125 3815 1237 3874 portat.»

120 3885 304 3937 Seruus-st
317 3886 370 3948 ipse
385 3889 457 3948 poeta
470 3886 543 3934 nimis
558 3886 644 3934 durum
659 3884 707 3933 sibi
721 3884 799 3932 videri
809 3883 906 3933 heroem
923 3897 992 3931 suum
1003 3883 1151 3947 (quanquam
1165 3883 1241 3932 emol-

122 3956 230 4005 [lendum
251 3961 332 4006 tamen
351 3958 473 4019 sapienter
498 3971 548 4005 non
569 3956 661 4018 censet)
683 3955 729 4004 hoc
751 3955 854 4003 maxime
875 3955 951 4003 verbo
970 3958 1072 4003 testatur
1091 3953 1142 4016 (lV,
1164 3952 1239 4016 333):

122 4047 133 4072 u
193 4027 302 4078 Tandem
316 4041 403 4091 pauca
424 4029 506 4077 refert.
525 4047 536 4072 n
551 4027 620 4087 Nam,
636 4031 662 4076 ut
680 4026 742 4076 bene
761 4027 877 4076 observat
898 4026 1043 4074 Paestanus
1071 4025 1122 4088 (qui
1139 4044 1150 4069 u
1167 4023 1240 4075 dicta

121 4099 195 4148 refert
211 4118 223 4144 a
238 4099 367 4163 legendum
381 4113 436 4147 esse
450 4099 557 4162 conjicit)
583 4117 595 4143 α
611 4112 674 4160 quae
688 4099 785 4146 Aeneas
803 4097 887 4158 refert,
902 4110 950 4144 non
966 4097 1022 4146 suut
1036 4096 1098 4146 adeo
1109 4110 1209 4160 pauca.
1227 4115 1239 4140 a

121 4169 157 4218 lta
171 4184 238 4230 vero,
255 4171 299 4220 sed
313 4185 343 4220 ee
354 4185 441 4234 pauca
456 4170 564 4234 Vergilio
579 4169 695 4219 videntur
709 4183 793 4219 esse...

152 4241 176 4292 Ἰ.
194 4241 325 4292 lrasceutis
339 4242 415 4291 verba
429 4255 477 4289 non
491 4242 580 4289 desunt
592 4255 597 4288 :
608 4239 648 4289 IV.
663 4239 728 4288 333:
785 4254 848 4302 quae
858 4238 978 4303 plurium
992 4239 1064 4289 fando
1078 4240 1242 4289 Enumerare

123 4310 203 4364 eules.
217 4339 249 4349 -
260 4311 321 4362 337:
337 4314 389 4361 Pro
407 4325 435 4360 re
450 4326 526 4374 pauca
547 4312 663 4373 loquar...
679 4337 710 4346 -
723 4310 800 4361 338...
815 4324 848 4359 ne
863 4311 941 4376 finge.
960 4338 990 4347 —
1011 4310 1080 4360 Adeo
1094 4311 1176 4359 multis
1191 4311 1242 4359 dis-

124 4383 211 4446 plicuit
226 4384 266 4447 IV,
283 4383 329 4434 337
343 4388 370 4432 ut
384 4384 538 4446 conjecturae
557 4381 607 4431 duo
626 4383 766 4446 propositae
786 4383 852 4430 sint:
868 4397 919 4447 pro
938 4383 1119 4446 te(lls1usrus);
1133 4396 1184 4446 pro
1203 4396 1242 4430 me

124 4453 288 4519 (Coumerou).
303 4457 355 4511 Pro
369 4470 398 4504 re
412 4469 466 4504 cum
480 4455 593 4504 Lenswm
604 4446 721 4516 'intellego
737 4469 752 4511 z,
762 4473 774 4499 n
790 4455 838 4513 Γᾶν
850 4455 933 4503 meiere
948 4452 1023 4513 reae,
1043 4469 1091 4502 zar
1106 4453 1242 4519 Recbtfer·

127 4526 323 4594 sequaquam
341 4523 498 4577 Vorleabena.
515 4545 527 4570 a
