2940 5076
604 369 702 414 carur
727 369 862 415 samua.
1275 349 1295 410 5

173 562 344 607 consensu
371 541 573 631 probatur¹.
601 541 721 607 Naevii
748 546 861 607 autem
891 541 926 606 in
945 543 1123 607 Hectorem
1141 542 1296 631 proficis·

173 659 303 714 centem
323 647 480 715 Hectoris
500 648 621 715 eadem
641 648 755 715 adhuc
770 670 855 714 uxor
869 647 1011 714 inducta
1025 648 1106 731 iuit;
1124 648 1294 739 Enniique

172 753 414 823 Andromacha
434 755 582 846 captiva,
604 757 692 823 sicut
712 761 745 822 et
767 756 862 822 Accii
881 756 1074 845 Astyanax,
1095 756 1181 821 nihil
1201 756 1295 823 aliud

171 863 237 929 fuit
260 884 364 952 quarn
390 862 565 953 Euripidis
589 862 761 930 Troadum
784 885 862 929 cum
885 862 1001 952 aliqua
1019 867 1118 951 parta
1138 862 1295 949 ejusdem

172 970 348 1054 Hecubae,
375 971 431 1037 vel
457 993 535 1037 cum
556 969 737 1060 Sophoclis
757 970 904 1060 Captivis
928 968 1126 1035 utrilieribus
1149 993 1189 1036 ac
1206 970 1295 1037 forte

172 1076 363 1166 Polyxena,
386 1078 669 1144 commixtarum²
689 1078 898 1144 retractatio.
921 1076 1022 1158 Quod
1042 1076 1183 1166 quidem
1202 1078 1296 1163 frag-

171 1185 297 1250 mentis
317 1183 517 1251 Latinorum
540 1189 721 1274 poetarum
741 1207 829 1274 quae
855 1188 1051 1273 supersunt,
1079 1185 1161 1254 satis
1185 1184 1296 1251 mani-

170 1289 258 1357 festo
283 1290 491 1358 declaratur.
512 1292 565 1359 lta
584 1293 690 1378 igitur
709 1314 744 1358 se
765 1290 925 1360 omnibus
944 1290 999 1358 his
1028 1292 1063 1357 in
1086 1290 1213 1358 fabulis
1234 1313 1296 1378 ge·

170 1420 247 1465 rere
272 1397 393 1465 debuit
418 1398 696 1466 Andromacha:
722 1398 852 1466 scilicet
870 1398 967 1465 initio
991 1399 1158 1466 acerrime
1188 1399 1296 1466 enite-
1395 1399 1399 1407 '

170 1504 273 1572 batur
292 1505 457 1573 attilium
477 1529 578 1573 suum
596 1507 784 1573 intentatae
804 1529 825 1572 a
844 1507 982 1574 Graecis
1003 1507 1104 1573 morti
1126 1506 1292 1595 eriperct;

171 1613 335 1702 sperabat
361 1614 507 1681 fortasse
536 1614 728 1698 interdum,
760 1636 838 1680 cum
865 1635 983 1681 omnes
1010 1613 1133 1681 Graeci
1161 1613 1203 1680 dc
1230 1614 1296 1679 tol-

169 1719 275 1786 lendo
304 1720 511 1808 Astyanacte
545 1743 613 1788 non
641 1722 890 1804 consentirent,
920 1722 993 1787 sore
1019 1726 1057 1787 ut
1089 1720 1204 1810 proles
1235 1742 1296 1787 sua

171 1832 387 1910 servaretur3
409 1827 534 1894 deinde
550 1833 628 1917 post
644 1828 816 1914 dejectum
832 1850 853 1893 a
868 1828 1022 1895 turribus
1036 1827 1292 1914 Astyanactem,

171 1933 266 2000 luctu'
297 1934 449 2024 perdita,
483 1935 653 2001 victorum
679 1936 842 2002 saevitiae
869 1934 1114 2016 maledicebat,
1141 1939 1175 2000 61
1200 1934 1295 2021 justa

172 2040 382 2130 interempto
406 2041 477 2107 tilio
502 2042 756 2132 persolvebat³.
782 2042 876 2107 Nihil
901 2064 983 2107 vcro
1000 2041 1087 2108 haec
1114 2041 1229 2107 omnia
1249 2041 1293 2106 ad

174 2145 318 2235 Vergilii
338 2149 553 2238 propositum
575 2154 609 2214 et
628 2148 809 2215 utilitatem
830 2149 1042 2240 spectabant.

213 2254 241 2320 T
244 2277 301 2320 um
322 2256 425 2321 etiam
444 2256 479 2321 in
500 2257 615 2324 latinis
635 2256 810 2345 plerisque
832 2279 937 2344 supra
962 2257 1171 2322 enumeratis
1190 2254 1292 2321 fabu-

171 2360 231 2443 lis,
253 2362 362 2428 multo
383 2362 495 2428 minus
516 2363 702 2451 conspicue
726 2363 911 2429 eminuisse
936 2384 1041 2452 quam
1061 2364 1096 2428 in
1115 2361 1292 2452 Euripidis

172 2467 358 2535 Troadibus
377 2468 642 2535 Andromachae
660 2473 777 2558 parles
796 2470 980 2535 verisimile
1002 2475 1063 2539 est.

218 2573 337 2662 Longa
357 2577 448 2641 enirn
477 2575 576 2643 abest
596 2580 634 2642 ut
652 2577 688 2642 in
707 2576 863 2643 Enniana
886 2575 942 2642 vel
962 2577 1065 2642 etiam
1089 2577 1124 2642 in
1143 2575 1294 2643 Acciana

203 2859 225 2907 1.
242 2857 373 2920 wancare,
390 2858 416 2908 d.
431 2859 528 2925 priecb.
547 2861 634 2923 Troy,
651 2858 763 2918 tatia,
780 2874 804 2922 p.
821 2858 864 2908 111
884 2873 953 2923 sqq.;
969 2861 1075 2919 Anaras,
1090 2859 1223 2924 Sophoclis
1238 2865 1293 2911 tra·

170 2931 279 2996 poediac
301 2933 327 2979 et
346 2931 507 2995 sraqrueuta,
531 2946 555 2994 p.
570 2931 690 2992 ets-esa
705 2936 751 2982 etc.
767 2959 798 2967 -
813 2931 848 2979 De
862 2931 982 2980 Euarrmrs
1001 2947 1104 2981 susionis
1124 2937 1148 2981 et
1163 2935 1294 2981 Nrcouacm

170 3000 312 3064 Polyarato
326 3003 390 3051 idem
406 3003 455 3051 iere
476 3002 629 3052 sentiendum
649 3017 677 3052 ac
692 3003 723 3051 de
743 3002 888 3065 Sophoclea.
905 3002 992 3051 Sarnis
1012 3004 1075 3052 enim
1092 3004 1167 3053 tuisse
1179 3003 1294 3053 Nicoma-

171 3073 245 3122 cheae
266 3071 411 3137 Polyaeaae
430 3075 530 3124 alteram
549 3075 733 3138 inscriptionem
753 3073 851 3137 [Ἰλίου]
873 3075 973 3138 Περσίν.
994 3076 1071 3124 tradit
1092 3075 1139 3140 (Cf.
1170 3076 1292 3135 Wsoaan,

172 3145 248 3208 Trap.
261 3147 308 3209 fr„
325 3161 349 3209 p.
366 3146 429 3206 101).

201 3217 225 3266 2.
244 3217 270 3266 L.
284 3217 397 3265 lluamaa
411 3218 530 3279 (Eunias,
543 3233 567 3280 p.
581 3217 624 3275 93;
637 3219 667 3266 01.
685 3218 756 3266 Enni
770 3216 828 3275 rel„
845 3232 868 3280 p.
884 3217 940 3282 213)
957 3221 1039 3267 censet
1053 3218 1142 3267 latinos
1156 3217 1295 3280 tragoedia-

171 3301 224 3336 rum
242 3289 374 3350 scriptores
394 3308 405 3332 «
427 3289 551 3338 rarissime
571 3290 773 3338 contaminatione
787 3289 865 3337 videri
890 3305 956 3340 usos,
977 3309 988 3334 u
1008 3290 1087 3338 Aliter
1109 3290 1222 3352 equidem
1239 3305 1293 3338 cum

172 3357 201 3408 0.
218 3357 329 3418 Rtaancr,
345 3358 371 3410 d.
392 3361 457 3406 riiru.
476 3360 561 3425 Troy,
577 3375 600 3421 p.
623 3359 677 3417 110,
692 3358 805 3418 tto-417,
823 3363 847 3408 et
865 3358 894 3410 G.
910 3361 1030 3419 Borssma,
1050 3362 1083 3408 Le
1100 3361 1176 3424 poete
1190 3361 1292 3418 Accius,

171 3443 195 3491 p.
212 3429 251 3488 ta,
273 3429 426 3478 sentiendum
451 3435 518 3492 puto.
535 3431 647 3479 Ceterum
667 3430 695 3478 L.
716 3429 819 3478 Mueller
838 3429 891 3492 ipse
911 3450 922 3474 a
943 3431 1061 3494 quaedam
1082 3446 1112 3480 ex
1130 3431 1251 3479 Troadum
1270 3435 1294 3480 et

171 3501 286 3550 Hecubae
304 3501 392 3550 tabulis
407 3503 437 3550 ab
452 3502 529 3550 Ennio
548 3520 559 3546 u
575 3503 600 3549 in
614 3500 802 3550 Andromacha
818 3516 862 3549 sua
875 3504 979 3566 repetita
994 3502 1080 3551 latetur
1091 3503 1172 3565 (Euri
1181 3511 1203 3552 et
1214 3503 1294 3553 Naeui

171 3572 309 3636 reliquiae,
328 3587 352 3636 p.
368 3572 432 3635 225).
913 3594 916 3599 ·

201 3643 225 3694 3.
246 3644 344 3709 Trapic.
361 3643 438 3693 latia.
455 3643 594 3708 reliquiae,
611 3659 634 3706 p.
648 3642 679 3692 20
693 3644 728 3707 (in
744 3644 831 3707 Ennio)
848 3661 854 3694 ε
871 3663 883 3689 «
902 3644 1087 3694 Andromachae
1101 3659 1188 3694 nomen
1204 3646 1244 3709 qui
1260 3647 1295 3694 in·

100 3768 103 3773 ‚
171 3716 242 3775 didit,
258 3720 323 3765 recte
337 3716 434 3765 indidit.
455 3735 466 3760 u
483 3717 594 3776 Rranacr,
609 3715 634 3766 cl.
651 3719 715 3765 rdm.
733 3717 784 3775 Tr,
799 3731 824 3778 p.
844 3715 897 3774 137,
913 3730 956 3764 vas
976 3717 1099 3778 quoddam
1121 3718 1212 3780 pictum
1235 3733 1295 3767 con-

171 3787 227 3844 1601,
243 3787 285 3835 ubi
305 3787 499 3836 Andromacham
515 3801 648 3850 agnoscere
663 3787 718 3848 jure
734 3802 872 3849 possumus,
891 3787 965 3834 tilium
979 3801 1048 3835 suum
1063 3787 1181 3836 adversus
1194 3802 1295 3851 graecos

171 3858 260 3906 milites
275 3858 382 3906 animose
393 3859 578 3918 deiendentcm;
594 3859 625 3909 01.
642 3858 726 3918 Bracu,
741 3858 853 3906 Aacieut
868 3858 985 3920 l’otterp,
1000 3873 1024 3920 p.
1040 3858 1145 3908 tto-271
1163 3875 1168 3906 :
1187 3887 1218 3895 —
1231 3874 1294 3922 quo-

171 3943 222 3977 rum
238 3929 429 3978 testimoniorum
443 3930 506 3978 ratio
522 3931 592 3978 nobis
605 3929 719 3977 habenda
734 3933 778 3988 est,
795 3943 848 3977 curn
864 3943 893 3976 ea
903 3929 1033 3991 imaginum
1047 3934 1295 3992 suarumargumenta

172 4015 291 4063 usurpare
307 4001 413 4048 artifices
428 4001 544 4061 solerent,
558 4014 620 4063 quae
635 4001 659 4048 in
677 4000 839 4062 poematibus,
850 4000 980 4062 praecipue
991 4001 1099 4063 tragicis,
1109 4002 1213 4049 maxime
1223 4016 1295 4063 spec-

170 4071 256 4120 tabilia
274 4072 328 4119 visa
347 4070 459 4120 inissent.
478 4071 564 4122 -'Ci.
587 4072 686 4136 Trapic.
703 4069 751 4119 lat.
766 4070 825 4128 rel„
846 4085 869 4132 p.
891 4070 919 4118 21
944 4085 949 4118 ;
975 4090 986 4115 a
1003 4069 1065 4128 Quid
1086 4076 1166 4134 petam
1188 4072 1294 4134 praesidi

171 4147 213 4190 aut
227 4145 349 4205 exequar?
365 4160 377 4186 »
391 4147 453 4204 ete.;
476 4158 500 4205 p.
516 4142 547 4191 22
567 4159 573 4192 :
597 4163 608 4187 «ι
625 4143 661 4190 Ex
681 4138 769 4204 opibus
791 4143 890 4189 summis
903 4142 958 4203 opis
972 4156 1061 4204 egens,
1085 4144 1187 4201 llector,
1209 4148 1294 4191 tuae...

172 4213 274 4272 Quantis
297 4229 351 4262 cum
372 4215 494 4262 aerumnis
509 4215 575 4262 ilium
597 4213 723 4262 exanclavi
745 4213 855 4262 dieml...
872 4211 943 4274 Vidi,
964 4213 1049 4262 vidore
1065 4214 1131 4276 quod
1153 4228 1206 4262 som
1223 4229 1296 4276 passa

171 4299 312 4347 aegerrume
327 4285 455 4333 Hectorem
469 4299 543 4333 curru
557 4284 704 4347 quadrijugo
716 4285 846 4345 raptarier,
864 4283 975 4332 Hectoris
990 4290 1073 4333 uatum
1088 4285 1118 4332 de
1133 4299 1201 4334 muro
1214 4286 1296 4347 jacta·

171 4357 229 4405 rior.
245 4370 259 4404 a
275 4356 380 4405 Perinde
394 4355 420 4403 in
434 4355 501 4404 Accii
518 4357 687 4418 Astyanacte,
705 4353 779 4412 itia,
796 4369 820 4416 p.
835 4353 880 4402 133
896 4371 901 4404 :
919 4374 930 4398 «
948 4353 1053 4412 Quorum
1070 4356 1182 4418 [scilicet
1198 4360 1224 4404 ut
1238 4370 1295 4404 con-

170 4427 213 4490 jici
230 4431 319 4490 potest,
335 4426 494 4490 Graecorum]
510 4425 678 4474 crudelitatem
693 4439 816 4487 nunquam
831 4424 880 4473 ulia
894 4425 976 4488 explet
990 4428 1064 4475 satias
1079 4428 1214 4489 sanguinis.
1231 4444 1243 4471 u
