2940 5076
578 383 675 429 CAPUT
701 383 874 430 SECUNDUM.

312 560 359 615 καί
372 579 419 615 κεν
437 561 465 617 ἐν
482 557 586 638 ’Ἄργει
601 559 683 618 ἐοῦσα
696 563 763 640 πρὸς
778 557 867 635 ἄλλης
880 559 957 617 ἱστὸν
974 555 1094 637 ὑφαίνοις

313 653 360 716 καί
373 679 421 714 κεν
437 655 508 739 ὕδωρ
524 654 631 741 φορέοις
646 655 805 734 Μεσσηΐδος
822 656 840 734 ἢ
862 655 1026 735 Ὑπερείης,

311 755 392 813 πόλλ’
409 751 600 834 ἀεκαζομένη,
619 755 742 838 κρατερὴ
759 753 929 814 δ’ἐπικεῖσετ’
946 749 1087 831 ἀνάγκηῆ

216 940 328 1021 Quam
351 942 505 1032 prolecto
533 943 774 1009 necessitatem
797 941 1035 1029 Vergilianam
1059 959 1197 1028 quoque
1220 935 1291 1002 An-

171 1047 408 1131 dromacham,
431 1050 513 1116 dum
533 1071 633 1118 serva
655 1049 873 1139 Neoptolemi
899 1048 974 1131 luit,
998 1046 1145 1112 subiisse
1172 1041 1291 1109 verisi-

170 1154 253 1221 mile
273 1162 345 1237 est;
363 1179 477 1246 neque
489 1161 605 1224 tamen
621 1157 767 1224 subiisse
783 1156 889 1235 dices,
905 1176 983 1221 cum
996 1175 1065 1219 non
1084 1150 1164 1218 inde
1183 1148 1291 1215 ullam

172 1263 344 1329 maculam
363 1265 544 1354 autquasi
569 1265 722 1331 muneris
749 1262 922 1330 ancillaris
951 1266 1067 1327 notam
1097 1256 1288 1324 retinuerit.

218 1369 314 1451 Quae
333 1371 474 1460 quidem
493 1372 640 1438 Ascanio
659 1371 758 1438 offert

483 1568 645 1633 picturatas
660 1580 730 1620 auro
745 1567 913 1621 subtemine
928 1570 1026 1618 vestes

421 1651 455 1700 Et
471 1647 626 1713 Phrygiam
641 1648 857 1712 chlamydem...

451 1729 677 1794 Textilihusque
690 1734 793 1781 onerat
809 1728 926 1780 donis...

173 1927 189 1962 a
216 1922 384 1966 mertuum
415 1922 559 1967 suorum
588 1907 822 1968 monumenta.
851 1928 867 1961 »
904 1899 1065 1966 Linteum
1103 1918 1184 1962 vero
1221 1917 1291 1960 non

170 2007 246 2097 ipsa
265 2009 402 2088 texisse,
418 2007 480 2074 sed
500 2031 651 2075 «auro»
670 2008 909 2076 tantummodo
931 2005 1148 2096 «pinxisse»
1169 2007 1291 2093 putare

170 2112 281 2179 volo².
300 2113 376 2179 Non
391 2115 420 2179 is
440 2116 531 2181 enim
551 2115 627 2201 ejus
646 2113 785 2181 habitus
805 2121 868 2196 est,
884 2114 984 2200 cujus
1003 2133 1125 2178 manus
1146 2108 1291 2177 solidam

170 2220 421 2310 vulgaremque
442 2222 556 2288 colum
575 2244 714 2287 versare
726 2222 857 2301 valeat;
875 2221 957 2287 satis
972 2225 1024 2286 est
1035 2220 1067 2285 si
1080 2217 1293 2305 elegantiora

171 2328 398 2416 tenuioraque
418 2328 584 2418 opuscula
603 2328 777 2395 interdum
795 2333 930 2408 tractet,
952 2347 1100 2417 quorum
1119 2325 1155 2390 in
1173 2322 1293 2389 oblec-

170 2435 300 2500 tatione
328 2435 562 2502 Romanarum
590 2435 735 2522 Vergilii
767 2435 963 2524 aequalium
982 2439 1218 2499 matronarum
1236 2431 1293 2497 vel

172 2539 435 2607 delicatissimae
460 2563 662 2609 consumere
688 2543 815 2607 inertes
839 2540 944 2607 horas
969 2539 1160 2605 solebant³.
1191 2536 1290 2603 Adeo

172 2669 242 2713 non
265 2647 301 2712 in
329 2647 483 2714 Aeneide
502 2649 695 2738 reperimus
720 2647 912 2737 simplicem
931 2647 1026 2713 illam
1046 2651 1080 2712 et
1098 2645 1170 2711 fere
1190 2644 1292 2713 rusti·

171 2776 247 2819 cam
273 2754 426 2821 Eetionis
441 2756 559 2838 filiam,
582 2755 680 2842 cujus
695 2755 819 2821 fratres
844 2781 860 2815 «
892 2753 1110 2840 tardigrados
1134 2751 1242 2818 boves
1273 2779 1288 2813 »
1351 2804 1359 2821 .

171 2860 423 2945 custodiebant,
446 2863 502 2929 vel
531 2864 635 2929 etiam
655 2862 848 2931 modestam
867 2862 962 2929 illam
983 2858 1289 2941 matremfamilias,

172 2990 277 3059 quam
296 2975 374 3035 ante
394 2970 597 3060 Euripidem
616 2970 786 3037 Homerus
806 2991 945 3060 semper
963 2974 1135 3054 agentem,
1158 2967 1292 3033 domes-

170 3079 317 3167 ticisque
347 3079 437 3144 curis
463 3079 642 3162 intentam,
674 3079 835 3167 intraque
862 3078 1014 3168 parietes
1042 3079 1289 3156 remanentem,

171 3186 321 3271 ingenue
354 3185 499 3268 effinxit,
526 3225 570 3235 —
601 3191 639 3252 ut
671 3193 790 3253 contra
822 3186 977 3271 reginam
1013 3205 1094 3248 vere
1130 3204 1166 3248 se
1201 3205 1292 3248 nunc

171 3291 414 3358 Andromacha
433 3298 595 3382 praestet,
617 3294 821 3382 regiumque
842 3291 1007 3382 quiddam
1032 3295 1066 3357 et
1090 3289 1229 3356 habitus
1259 3295 1293 3354 et

172 3398 280 3465 verba
306 3399 484 3468 redoleant
499 3400 521 3468 ⁶.
551 3400 664 3467 Efficit
686 3407 802 3466 autem
824 3400 907 3483 hoc,
929 3401 965 3466 ni
988 3399 1101 3480 fallor,
1123 3403 1196 3465 tum
1220 3397 1292 3463 dis-

204 3593 226 3641 1.
243 3591 275 3644 tt.
291 3593 332 3651 Vl,
348 3593 402 3654 454,
419 3593 472 3643 465.

203 3665 227 3715 2.
246 3664 360 3713 Waouaa
381 3664 431 3727 (ed.
451 3665 520 3728 min.)
539 3665 604 3726 apud
620 3665 748 3726 Formosa,
764 3680 789 3728 p.
811 3665 867 3726 386,
883 3686 895 3710 «
911 3665 1004 3714 textilia
1021 3683 1032 3708 υ
1050 3668 1142 3714 tantum
1165 3685 1176 3708 ιι
1199 3665 1264 3712 dona
1280 3682 1292 3707 »

171 3751 285 3786 manuum
300 3736 477 3785 Andromachis
493 3740 646 3785 monumenta
660 3751 714 3786 csse
729 3741 820 3788 censet.
838 3756 849 3781 ο
870 3737 970 3786 Praeter
989 3737 1120 3799 pretiosam
1140 3736 1204 3785 illam
1226 3735 1292 3783 chla-

172 3808 267 3872 mydem
281 3823 312 3856 ex
327 3809 434 3870 antiquis
447 3808 564 3870 operibus
583 3812 717 3870 sumptam,
734 3809 805 3857 offert
820 3809 879 3857 haec
893 3821 989 3872 quoque
1004 3808 1070 3857 dona
1084 3809 1192 3865 textilia,
1208 3821 1251 3870 per
1266 3820 1293 3854 sc

171 3879 270 3944 quidem
285 3879 335 3927 illis
347 3879 443 3938 viliora,
459 3878 500 3926 sed
519 3878 598 3940 ipsius
611 3878 738 3940 largientis
754 3893 826 3936 manu
837 3880 908 3928 sacta.
923 3898 934 3923 r
948 3880 1096 3940 luterpretor
1108 3882 1209 3939 egomet,
1222 3878 1292 3941 quasi

172 3950 343 3999 Andromacha
357 3950 442 3998 diceus
459 3964 464 3997 ε
481 3970 492 3992 a
511 3949 602 4011 Accipe
617 3952 643 3998 et
658 3950 748 4000 haec...
762 3969 788 4010 a,
805 3951 885 3998 omnia
899 3951 964 3998 dona
975 3965 1015 3997 vv.
1033 3948 1141 3998 483-485
1154 3952 1294 3997 enumerata

173 4036 228 4071 cum
243 4021 490 4084 magnificentioribus
503 4020 587 4069 Heleni
599 4022 740 4069 muneribus
753 4025 885 4084 comparet.
901 4020 937 4070 ct.
952 4021 1016 4069 intra
1029 4021 1152 4084 quomodo
1161 4021 1292 4082 explanan-

172 4093 231 4143 dum
245 4091 303 4140 mihi
317 4091 448 4141 videatur:
466 4111 477 4136 u
494 4104 538 4139 nec
555 4090 621 4139 cedit
636 4091 737 4141 honore.
758 4110 769 4134 a

205 4163 228 4214 3.
245 4163 280 4214 Cf.
298 4163 409 4223 Suarou„
427 4163 526 4220 Oetae„
546 4177 602 4210 txrv
624 4168 648 4210 ct
667 4162 774 4223 Tracta,
790 4163 808 4224 l,
828 4162 851 4221 3,
872 4163 903 4212 85
918 4163 982 4226 apud
999 4163 1186 4224 Faraottauora,
1199 4164 1294 4214 Morare

173 4236 312 4293 romaines,
329 4234 400 4284 trud.
415 4236 462 4299 fr„
478 4235 496 4293 l,
514 4249 537 4296 p.
552 4232 607 4283 346.

206 4306 229 4354 4.
247 4306 273 4353 ln
288 4307 352 4355 Aeo.
368 4307 397 4367 ll,
414 4322 437 4356 v.
453 4305 508 4366 456,
524 4306 592 4368 quasi
614 4306 701 4353 mirum
718 4309 741 4354 et
758 4306 853 4369 insigne
873 4311 956 4356 narrat
977 4307 1082 4367 Aeneas,
1097 4309 1293 4358 Andromacham

174 4377 206 4427 ad
221 4391 320 4426 soceros
335 4382 358 4426 et
372 4392 444 4426 avum
458 4377 629 4440 Astyanactem
650 4377 822 4440 perduxisse«
842 4378 1013 4429 incomitatam.
1032 4396 1043 4421 a
1063 4379 1088 4426 ln
1104 4395 1176 4429 versu
1197 4379 1251 4441 484,
1272 4383 1293 4429 si

174 4448 247 4497 lectio
262 4449 332 4511 (quae
346 4449 442 4511 quidem
453 4449 597 4511 optimorum
612 4448 831 4510 manuscriptorum
843 4450 890 4511 est)
907 4463 912 4495 :
936 4469 947 4493 u
964 4463 1009 4498 nec
1033 4450 1099 4500 cedit
1118 4450 1212 4500 tonori
1225 4471 1237 4496 a
1251 4452 1294 4500 ad·
