2940 5076
562 401 660 450 carun
683 401 833 451 rsnrrun.
1216 381 1257 447 71

134 576 307 664 intellegit
324 600 429 667 quam
449 599 552 665 aegre
579 606 595 641 «
616 580 747 669 optima
765 578 873 645 Dido¹
896 604 912 639 n
935 576 1050 643 latura
1079 575 1160 642 sit«
1186 580 1259 642 tan·

136 691 189 752 tos
221 707 356 754 amores
393 687 525 776 rumpi3
558 714 574 749 »
606 693 650 770 et,
684 689 712 753 si
745 709 813 754 non
845 686 993 766 invenit,
1030 684 1165 774 quaerit
1194 683 1264 751 sal‹

137 797 208 859 tem
232 795 304 860 vias
333 816 401 884 quo
430 795 565 860 mitiore
594 798 628 860 et
656 794 888 861 mansuetiora
916 791 1019 859 modo
1048 791 1182 859 tristem
1208 791 1260 858 illi

137 899 226 966 ferat
243 901 403 967 nuntium
425 923 432 969 :

324 1117 402 1167 Heut
417 1114 488 1179 quid
498 1117 586 1180 agat?
599 1128 657 1180 quo
672 1128 751 1167 nunc
765 1115 898 1180 reginam
912 1115 1026 1168 ambire
1041 1113 1190 1166 iurantem

293 1195 410 1248 Audeat
422 1194 531 1248 affatu?
546 1208 622 1260 quae
637 1195 732 1260 prima
746 1196 864 1248 exordia
877 1198 995 1248 sumat?

293 1279 391 1341 Atque
405 1276 540 1329 animum
557 1290 636 1328 nunc
648 1277 706 1328 huc
720 1277 858 1341 celerem,
874 1289 953 1328 nunc
967 1276 1072 1328 dividit
1087 1276 1167 1341 illuc,

293 1359 326 1410 Iu
340 1362 499 1423 partesque
514 1357 591 1422 rapit
608 1357 714 1419 varias
732 1370 838 1422 perque
853 1357 954 1409 omnia
969 1361 1097 1410 versat...

296 1437 374 1490 Haec
388 1436 549 1491 alternanti
564 1437 660 1503 potior
675 1439 826 1491 sententia
841 1438 903 1490 visa
917 1443 993 1491 est...

337 1519 531 1572 tentaturum
543 1519 643 1571 aditus
658 1524 688 1572 et
702 1530 778 1584 quae
794 1519 970 1572 mollissima
985 1517 1067 1571 fandi

294 1602 452 1664 Tempora;
468 1599 535 1664 quis
550 1601 639 1652 rebus
654 1593 756 1653 dexter
767 1599 905 1652 modus...

137 1785 251 1875 Atque
272 1787 332 1853 ubi
350 1757 475 1856 iratam
493 1794 527 1856 et
546 1789 766 1881 desperatam
785 1790 890 1874 videt,
912 1796 986 1858 tum

577 2003 669 2056 lenire
681 2002 834 2057 dolentem

298 2080 423 2135 solando
441 2082 522 2148 cupit
536 2087 566 2135 et
581 2081 668 2135 dictis
678 2088 810 2138 avertere
824 2096 924 2148 curas;

139 2275 174 2336 et
193 2269 259 2337 nisi
277 2270 379 2354 Dido,
403 2299 418 2334 «
437 2272 591 2340 medium
611 2294 838 2340 sermonem»
860 2271 935 2360 ejus
956 2299 971 2334 «
994 2270 1257 2364 abrumpens»,

139 2397 215 2446 sese
238 2405 254 2440 α
277 2401 317 2446 ex
337 2379 446 2447 oculis
468 2406 484 2444 n
507 2380 669 2466 auferret,

296 2592 436 2657 linquens
451 2594 547 2646 multa
561 2600 642 2648 metu
656 2598 846 2648 cunctantem
865 2599 895 2646 et
911 2593 996 2646 multa
1009 2570 1152 2660 parantem

295 2673 396 2739 dicere,

137 2861 308 2928 forsitan²
330 2863 389 2930 ille
413 2865 553 2932 taudem
577 2888 596 2931 e
619 2865 792 2932 laboranti
820 2865 1035 2955 sollicitaque
1064 2869 1178 2931 mente
1199 2885 1263 2932 sua

139 2968 262 3039 solatia
281 2970 474 3038 excudisset
493 2994 545 3056 ea,
565 2995 653 3063 quae
674 2973 889 3059 mitigantem
908 2972 1078 3038 haberent
1097 2977 1130 3038 et
1150 2971 1264 3039 effica-

140 3098 215 3142 cem
242 3079 499 3166 aegritudinum
527 3080 776 3148 levation'em...
807 3078 932 3170 Utique
961 3081 1069 3166 igitur
1094 3102 1163 3147 uon
1183 3081 1263 3167 jure

130 3183 207 3250 dici
222 3191 347 3275 potest,
367 3187 454 3253 nihil
473 3189 612 3254 omnino
632 3188 842 3254 commoveri
858 3186 1096 3275 Vergilianum
1105 3185 1259 3271 heroem,

139 3314 203 3359 nec
223 3294 408 3383 quiequam
427 3294 614 3362 admodum
634 3317 738 3382 agere
758 3300 797 3362 ut
815 3295 988 3377 dolorem,
1010 3319 1114 3386 quam
1136 3323 1152 3357 «
1173 3296 1263 3363 invi·

140 3403 196 3465 tus
218 3426 234 3463 »
256 3399 364 3484 affert,
386 3401 502 3468 leniat.
515 3401 606 3469 lllud
628 3402 769 3470 demum
787 3402 867 3468 licet
886 3403 1020 3492 opinari
1040 3425 1119 3468 eum
1138 3424 1262 3492 parum

142 3506 281 3575 dextere
300 3531 375 3576 rem
392 3513 541 3576 tractare
561 3508 717 3578 arduam.

174 3750 197 3800 1.
214 3746 256 3811 IV,
271 3750 325 3802 291.

114 3864 118 3869 ,
149 3849 153 3852 -
172 3822 196 3870 2.
214 3819 255 3882 IV,
270 3821 385 3874 aso-391.
401 3821 550 3873 Benevolam
564 3821 635 3872 istam
651 3822 815 3885 conjecturam
829 3826 926 3872 mutuor
939 3824 971 3873 ab
988 3838 1062 3886 opere
1076 3823 1115 3872 cui
1128 3823 1213 3872 titulus
1226 3827 1265 3872 est

142 3909 155 3936 a
171 3892 359 3944 Dissertations
381 3908 414 3944 oa
433 3894 522 3960 Virgil,
540 3893 572 3958 dy
595 3894 760 3943 Honuswonrn
781 3893 836 3943 ond
855 3893 957 3943 Saurea.
975 3894 1131 3943 »Nonnullis
1153 3895 1224 3944 etiam
1239 3894 1264 3942 in

142 3962 278 4026 codicibus,
295 3979 339 4014 nee
353 3966 536 4014 contemnendis
552 3965 655 4028 (dequo
676 3980 699 4014 v.
715 3964 816 4013 Rrssacx
831 3969 855 4014 et
869 3965 998 4028 Fonsmaa,
1018 3967 1034 4013 i.
1051 3965 1077 4014 h.
1093 3965 1138 4026 a),
1156 3965 1264 4027 legitur:

143 4052 154 4078 c
167 4035 242 4085 multa
252 4036 377 4085 volentem
392 4037 475 4085 dicere
489 4056 510 4097 »‚
526 4051 574 4085 non
588 4048 599 4081 t
617 4037 693 4085 multa
705 4039 874 4098 parantem...
889 4055 900 4081 n
913 4037 1023 4086 Forsitan
1031 4039 1172 4101 parcentem
1187 4036 1267 4098 scrip-

143 4120 198 4155 sere
216 4108 320 4158 lectores
340 4109 447 4173 quidam,
470 4123 558 4158 versus
578 4110 642 4159 Aen.
658 4108 686 4166 ll,
701 4108 748 4158 791
769 4122 897 4170 memores,
914 4110 955 4158 ubi
973 4123 1069 4172 quoque
1084 4111 1179 4157 Aeneas
1193 4108 1266 4157 hiscit

143 4193 172 4226 ac
186 4179 250 4228 silet.
268 4181 355 4229 Nescio
370 4185 464 4244 egomet
478 4195 508 4228 an
523 4185 590 4229 recto
606 4179 810 4228 correctumillud
826 4180 907 4239 luerit,
923 4180 943 4228 si
959 4185 1095 4228 correctum
1110 4180 1163 4231 luit.
1181 4178 1266 4242 Vergi-

143 4249 191 4298 lius
212 4253 342 4301 facundum
362 4253 441 4302 iacere
461 4252 560 4300 heroem
580 4265 650 4300 suum
669 4252 806 4315 potuisset,
829 4265 883 4299 cum
907 4256 930 4301 et
954 4252 1091 4316 exemplum
1110 4250 1267 4314 Apolloniam

143 4321 241 4372 tasonis
264 4329 319 4373 ante
342 4325 427 4374 oculos
446 4323 557 4382 haberet,
579 4337 651 4385 quem
664 4322 727 4371 luno
752 4323 863 4387 loquelae
882 4323 1005 4374 illecebris
1025 4323 1168 4374 donaverat.
1182 4322 1269 4385 Neque

144 4395 209 4444 enim
228 4396 323 4446 inflecte
339 4397 450 4447 Medeam
471 4395 612 4458 alloquitur.
627 4395 724 4443 Aeneae
740 4408 798 4444 vero
817 4395 969 4445 orationihus
988 4396 1169 4459 imperatoriam
1188 4407 1264 4459 quau-

145 4464 201 4515 dam
213 4477 236 4516 et
249 4481 373 4517 romanum
391 4468 536 4518 brevitatem
548 4466 629 4516 inesse
643 4465 719 4516 multo
733 4465 810 4530 magis
825 4466 915 4516 decuit.
