2940 5076
232 372 273 436 14
686 394 763 438 rans
787 393 890 440 rrioa.

232 565 318 646 buit,
339 566 433 655 quod
454 566 553 633 valde
573 565 673 632 dulce
694 567 832 632 Graecis
853 570 955 649 esset,
978 590 1017 631 rx
1036 588 1104 653 quo
1124 586 1207 630 sana
1225 563 1351 630 delica-

231 678 332 761 taque
354 673 522 738 honarum
543 675 666 738 artium
687 674 889 739 existimatio
905 673 998 763 apud
1019 695 1075 737 eos
1096 672 1208 761 coepit
1228 670 1350 737 hebes-

228 803 305 846 cere
329 803 335 848 :
360 786 515 870 paratam
536 781 665 847 scilicet
684 782 898 848 occasionem
919 779 1141 846 ostentandae
1170 779 1349 845 rhetorum

233 893 267 953 et
285 887 516 976 sophistarum
536 890 613 953 arti.

277 994 358 1060 Tale
380 995 468 1060 enirn
503 995 662 1062 ultimum
687 995 751 1061 fuit
778 996 867 1061 inter
893 995 1001 1061 multa
1029 994 1169 1062 Medeae
1200 993 1352 1059 facinora

234 1103 358 1182 scelus
374 1108 411 1168 ut
426 1103 679 1169 controversiae
693 1105 808 1170 locum
829 1104 967 1169 offerret
988 1125 995 1170 :
1017 1124 1142 1191 nempe
1162 1101 1353 1168 liberorum

234 1209 279 1275 ab
312 1209 373 1275 illa
403 1214 618 1299 perpetrata,
654 1209 699 1276 ad
729 1210 935 1299 repetendas
963 1232 983 1276 a
1014 1208 1189 1298 proditore
1227 1207 1353 1273 lasone

234 1338 380 1406 poenas,
407 1315 559 1385 caedes:
584 1316 793 1384 exsecrabile
818 1318 919 1386 simul
946 1321 1048 1406 atque
1068 1314 1263 1381 excusabile
1282 1314 1354 1379 fac·

234 1430 320 1490 turn.
345 1423 445 1505 Quod
468 1429 583 1491 autem
608 1424 682 1511 jam
710 1425 756 1491 ab
780 1425 967 1514 Euripide¹
984 1431 1017 1490 et
1036 1422 1244 1514 Neophrone
1263 1426 1355 1488 trac-

235 1535 357 1614 tatum,
390 1530 489 1596 multi
516 1532 670 1621 profecto
699 1533 757 1599 alii
784 1537 906 1621 poetae
932 1531 1118 1620 repetiere;
1148 1531 1238 1595 inter
1268 1549 1355 1618 quos

237 1637 412 1720 Carcinus,
435 1659 503 1703 non
528 1638 575 1704 ita
594 1643 709 1704 tamen
731 1645 770 1704 ut
788 1638 989 1729 Euripidem
1008 1639 1171 1719 vinceret,
1190 1658 1270 1702 nam
1294 1635 1357 1700 hu-

233 1744 304 1830 jus
325 1767 393 1810 non
411 1743 515 1827 illius,
537 1743 694 1813 Medeam
714 1745 931 1812 recordatum
946 1746 1052 1811 fuisse
1070 1743 1357 1810 litteratissimum

237 1872 410 1939 quemque
447 1849 647 1917 Latinorum
686 1853 957 1942 comperimus²;
987 1850 1248 1941 Euripidisque,
1287 1873 1357 1916 non

238 1957 371 2025 Carcini
390 1956 546 2024 Medeam
565 1959 694 2025 Ennius
713 1960 748 2024 in
768 1959 909 2025 latinam
926 1959 1080 2045 linguam
1099 1956 1354 2024 transtulerat⁸.

239 2063 374 2131 Carcini
396 2065 501 2150 igitur
520 2063 676 2133 Medeam
700 2066 873 2152 Vergilius
898 2068 1071 2153 ignorare,
1103 2070 1161 2131 aut
1191 2065 1219 2129 si
1247 2065 1354 2145 novit,

237 2170 370 2237 nullum
400 2194 439 2236 ex
468 2192 509 2237 ea
536 2171 686 2239 fructum
717 2194 840 2263 capere
873 2173 996 2263 potuit.
1034 2173 1120 2238 Nam
1153 2171 1188 2236 in
1219 2170 1357 2236 lasonis

237 2300 424 2367 puerorum
444 2279 689 2345 committenda
707 2302 803 2364 nece,
825 2303 958 2346 necnon
989 2283 1022 2345 et
1047 2281 1080 2345 in
1105 2278 1206 2345 docta
1237 2277 1359 2343 facun-

239 2385 352 2474 daque
388 2386 439 2451 rei
480 2388 696 2453 excusatione
740 2387 938 2475 tragoediae
977 2407 1146 2453 summam
1185 2389 1357 2451 versatam

237 2493 342 2559 fuisse
372 2494 556 2560 verisimile
585 2500 647 2560 est.
678 2494 797 2585 Neque
826 2496 923 2561 istius
941 2493 1149 2581 ,tragoediae
1176 2514 1359 2578 argumen-

239 2604 323 2680 tum,
350 2622 461 2688 neque
486 2622 526 2666 ea
554 2600 725 2667 rhetorica
751 2607 784 2668 et
809 2601 996 2692 sophistica
1022 2601 1109 2666 ratio
1139 2622 1207 2688 qua
1236 2604 1359 2664 tracta-

239 2711 312 2772 tum
332 2705 398 2772 hoc
417 2713 660 2793 argumentum
686 2707 784 2789 fuir,
810 2708 953 2794 Vergilii
978 2707 1157 2798 proposito
1176 2706 1230 2772 vel
1249 2704 1359 2772 indoli

240 2813 498 2880 accommodata
518 2819 625 2880 erant.

284 2920 391 2987 Multo
409 2943 491 2987 vero
512 2943 611 2987 secus
630 2920 673 2987 de
694 2922 755 2987 illa
774 2921 954 3012 Sophoclis
974 2921 1153 3008 tragoedia
1176 2919 1360 3006 conjicien-

240 3028 323 3094 dum
343 3032 395 3094 est
415 3029 470 3094 cui
489 3051 614 3095 nornen
637 3028 809 3096 Colchides
828 3030 933 3096 fuisse
954 3031 1092 3096 scimus

271 3241 293 3289 1.
307 3240 458 3289 Naoruuorus
482 3241 590 3301 Medeae,
607 3245 700 3292 —sive
715 3244 854 3306 Euripidem
869 3243 910 3291 ille
926 3244 1032 3291 imitatus
1047 3246 1107 3300 erat,
1125 3242 1176 3288 sive
1192 3244 1277 3288 contra
1292 3240 1360 3288 iilius

240 3327 302 3375 opus
316 3312 446 3374 Euripides
464 3313 614 3362 emendando
634 3316 775 3368 retractauit
790 3315 865 3378 (quod
877 3315 930 3362 veri
951 3313 1064 3375 similius)
1084 3327 1176 3360 —non
1194 3311 1261 3359 aliud
1284 3312 1360 3359 luisse

240 3388 407 3447 argumentum
419 3389 520 3445 apparet
534 3399 606 3448 quam
621 3386 745 3448 Euripidis
760 3386 801 3448 (cl.
814 3386 934 3446 Wnosan,
947 3400 970 3447 p.
982 3384 1051 3433 2021
1063 3398 1068 3443 ;
1080 3384 1188 3444 Karsaa,
1200 3398 1224 3445 p.
1236 3381 1358 3443 304-3163

241 3455 336 3515 Cunisr,
352 3469 376 3517 p.
392 3454 453 3513 210;
467 3454 565 3517 levore,
581 3472 605 3519 p.
619 3457 683 3521 219).

271 3527 295 3576 2.
314 3527 396 3585 Purra,
412 3531 430 3574 l.
444 3526 483 3585 lli,
500 3542 524 3589 p.
539 3527 593 3590 155,
607 3529 756 3589 Ciceronem,
770 3530 881 3590 Brutum,
896 3528 1024 3585 Catullum,
1041 3526 1173 3590 Vergilium
1189 3527 1277 3589 (neque
1291 3524 1360 3573 illum

240 3599 265 3646 in
280 3598 388 3646 Aeneide
400 3599 574 3660 tantummodo,
588 3602 632 3649 sed
645 3607 669 3650 et
682 3603 707 3650 in
721 3601 806 3652 Bucoi.
821 3616 873 3663 vm,
887 3599 925 3662 lt)
942 3598 1087 3660 Euripideae
1102 3597 1202 3646 Medeae
1220 3596 1360 3645 meminisse

240 3668 419 3717 animadvertit.

271 3738 295 3790 3.
312 3740 422 3800 limacea,
439 3741 464 3790 d.
481 3746 545 3792 rdm.
564 3743 648 3808 Trea,
665 3760 688 3807 p.
706 3743 822 3794 149-157.

271 3811 295 3858 4.
313 3810 348 3861 ΕΙ.
360 3810 390 3858 de
407 3811 502 3862 Canum
516 3814 606 3864 Medea
621 3816 713 3876 Amsr„
728 3815 815 3873 Rhea,
827 3814 911 3874 11‚23;
925 3813 956 3861 de
970 3813 1128 3861 Auriruosrrs
1140 3812 1239 3868 Medea,
1251 3811 1358 3859 Ksrsan.

241 3897 281 3944 op.
298 3883 349 3942 cit,
365 3897 389 3944 p.
405 3883 467 3944 204;
482 3885 561 3948 deque
575 3887 689 3935 omnibus
703 3888 742 3936 his
757 3887 903 3936 Graecorum
919 3888 975 3947 post
990 3885 1128 3947 Euripidem
1144 3882 1286 3945 tragoediis,
1297 3896 1360 3945 quae

198 3964 200 3970 ’
241 3954 266 4001 in
281 3954 399 4016 quaedam
411 3954 559 4015 judiciorum
575 3959 706 4007 certamina
726 3958 894 4020 oratoriasque
915 3956 1096 4005 controversias
1112 3953 1254 4017 plerumque
1269 3954 1359 4001 exiisse

240 4025 365 4082 videntur,
385 4025 468 4088 Paua,
481 4030 498 4074 t.
513 4027 531 4085 Ι,
550 4043 575 4090 p.
588 4027 619 4075 99
633 4044 697 4092 sqq,
714 4034 731 4080 t,
745 4029 785 4087 ΙΙΙ,
802 4044 827 4091 p.
844 4027 961 4086 154-155;
977 4027 1073 4075 Knrsan
1083 4040 1089 4086 3
1099 4026 1199 4088 passim
1207 4043 1217 4082 ,·
1233 4025 1258 4075 F.
1275 4024 1360 4073 Braou

239 4096 342 4154 leucus,
358 4097 426 4145 Hist.
447 4098 480 4160 of
496 4099 573 4162 preeh
594 4101 752 4161 literature,
771 4116 795 4163 p.
815 4098 930 4148 eas-235.
953 4126 983 4134 —
1004 4098 1046 4146 llla
1068 4096 1170 4146 Medeae
1188 4096 1280 4144 liberos
1301 4111 1359 4144 suos

237 4168 336 4230 jamjam
348 4173 478 4217 necaturae
494 4174 517 4218 et
532 4185 614 4218 secum
629 4173 789 4221 deliberantis
801 4173 889 4229 oratio,
904 4189 915 4214 a
929 4170 997 4218 locus
1011 4190 1022 4213 u
1039 4170 1090 4217 sine
1102 4168 1177 4216 dubio
1193 4172 1249 4230 post
1262 4167 1359 4229 Euripi-

240 4240 294 4287 dem
307 4239 385 4287 factus
399 4243 436 4288 est
450 4242 491 4303 qni
507 4256 521 4289 a
533 4244 613 4304 poetis
626 4245 741 4292 omnibus
753 4247 881 4292 tereretur.
899 4242 935 4290 Cf.
950 4241 1098 4290 Callirrhoes
1112 4240 1188 4288 verba
1202 4240 1226 4287 in
1243 4237 1360 4288 Chaerea

240 4312 265 4358 et
282 4308 426 4360 Callirrhoe
441 4311 584 4362 Cunmrours
603 4315 796 4364 hrunooismusis
815 4316 841 4378 (l.
858 4313 886 4374 ΙΙ,
905 4313 944 4361 ch.
962 4327 1012 4372 xm,
1033 4311 1132 4361 Eroliei
1152 4311 1300 4373 scriptores,
1318 4309 1358 4360 ed.

240 4381 362 4441 Hinsrum,
379 4398 403 4445 p.
424 4383 478 4446 437)
495 4398 501 4433 :
521 4404 532 4429 α
549 4383 659 4458 Βουλεύῃ
679 4390 880 4448 τεκνοκτονῆσαι,
898 4392 986 4436 πασῶν
1007 4381 1170 4446 ἁσεὸεστάτη,
1185 4383 1229 4432 καὶ
1248 4379 1357 4443 Μηδείας

241 4452 374 4516 impedirer<
395 4451 576 4520 λογισμούς.
597 4476 608 4499 u
