2940 5076
249 366 313 433 120
665 390 742 436 runs
765 382 946 437 rosrunmn.

247 584 308 628 cur
340 562 514 650 Vergilius
537 586 604 631 non
631 564 798 633 edisserat
820 565 881 632 illa
903 586 1004 654 quae,
1028 590 1044 623 «
1066 563 1176 631 multa
1197 589 1213 624 ι(
1234 568 1361 647 tamen,

248 697 264 731 (ι
286 670 436 737 moriens
456 669 557 737 effata
577 699 593 734 »
615 677 706 740 esset
719 673 768 740 ¹...

188 776 193 789 ”
290 777 381 844 Num
414 799 495 845 vero
522 778 762 865 ingruentibus
790 778 948 866 Trojenis
977 780 1136 846 Amatam
1165 782 1247 845 tunc
1279 782 1367 844 tem-

245 885 340 975 poris
359 884 449 951 male
468 885 602 975 precari
621 887 791 976 oportuit?
810 887 855 953 At
875 885 962 952 illud
986 909 1054 953 non
1079 885 1205 961 decuit,
1229 884 1366 974 opinor,

248 991 313 1057 sub
340 991 444 1058 finem
473 992 588 1082 operis
610 992 751 1060 fatalem
773 993 912 1061 Aeneae
937 994 1114 1060 victoriam
1139 990 1370 1058 moribundae

248 1097 401 1166 mulieris
427 1098 735 1190 imprecationibus
763 1101 863 1190 quasi
893 1100 1037 1167 foedari.
1059 1139 1103 1150 —
1131 1098 1222 1166 Num
1252 1102 1374 1164 contra

248 1204 291 1272 de
316 1228 378 1273 sua
402 1211 508 1289 sorta,
537 1213 571 1274 et
594 1207 716 1289 Turni,
739 1213 773 1275 et
800 1207 929 1291 Latini,
964 1213 998 1275 et
1027 1207 1209 1289 Laviniae,
1243 1206 1372 1272 iterum

247 1313 474 1399 ingemiscere
506 1312 732 1405 expediebat?
760 1315 805 1382 At
832 1314 916 1405 qnid
943 1314 980 1381 in
1013 1313 1168 1404 repetitis
1197 1309 1373 1400 ejusmodi

249 1419 398 1509 querelis
417 1420 530 1488 inesse
550 1422 631 1489 novi
649 1423 828 1512 posset‘t...

292 1526 438 1619 Propter
455 1526 522 1595 hoc
540 1530 739 1619 praecipua,
762 1529 1078 1618 credo,1moritura
1104 1531 1195 1595 tacet
1222 1527 1259 1593 in
1286 1526 1374 1594 duo·

247 1632 383 1702 decimo
402 1635 567 1702 Aeneidis
590 1635 681 1703 libro
706 1636 846 1720 Amata,
869 1635 962 1726 quod
981 1636 1109 1726 optime
1136 1634 1270 1702 effictae
1294 1633 1372 1722 ejus

246 1742 389 1828 imagini
413 1742 500 1809 nihil
527 1744 669 1834 insuper
698 1743 778 1810 addi
802 1744 949 1835 potuit².
974 1742 1152 1825 Quaedam
1171 1740 1372 1828 Vergilium

247 1849 432 1939 perfecisse
452 1849 645 1933 credamus,
667 1872 807 1941 quaeso,
829 1851 941 1918 liceat.

279 2089 301 2138 1.
318 2091 393 2150 Aen„
408 2088 462 2149 xil,
477 2088 590 2140 ono-601.
605 2089 641 2139 ct.
654 2090 678 2138 in
694 2089 758 2138 huno
773 2090 851 2138 locum
866 2089 1011 2140 Conmoron.

278 2162 302 2213 2.
319 2161 420 2211 Ssnvrus
436 2176 443 2212 :
459 2182 502 2213 a...
518 2162 566 2210 Atii
590 2161 674 2210 dieunt
694 2162 759 2224 quod
780 2162 867 2210 Amata
889 2162 972 2211 inedia
992 2175 1018 2210 sc
1041 2161 1198 2212 interemerit.
1216 2159 1371 2224 »Vergilius

248 2234 330 2297 potius
349 2233 457 2292 censuit,
474 2233 584 2282 Amatam
602 2233 708 2298 seipsam
730 2233 894 2296 suspendere,
912 2233 976 2296 quod
996 2232 1105 2295 rapidior
1126 2232 1185 2280 haec
1206 2245 1272 2280 mors
1286 2233 1313 2280 in
1327 2231 1372 2281 iila

249 2305 388 2354 duodecimi
403 2304 459 2353 libri
475 2304 535 2363 tine,
552 2304 593 2353 ubi
611 2304 693 2353 inbuta
707 2304 737 2352 ad
753 2305 843 2353 exitum
859 2304 970 2364 festinat,
986 2304 1063 2367 magis
1077 2316 1163 2352 revera
1179 2302 1269 2351 idonea
1282 2307 1369 2364 esset;

249 2376 349 2437 deinde,
372 2376 469 2435 tarsun,
492 2376 558 2439 quod
584 2376 650 2439 apud
670 2378 766 2424 veteres
783 2374 904 2425 Romanos
923 2374 1090 2438 hujuscemodi
1108 2375 1267 2424 voluntariam
1283 2388 1371 2424 necem

249 2447 357 2498 dedecus
376 2447 500 2512 quoddam
519 2452 671 2510 sequeretur.
693 2467 704 2491 ιι
726 2446 790 2495 Sane
811 2447 949 2506 sciendum,
968 2447 1045 2509 inquit
1062 2445 1181 2506 Scauros,
1197 2447 1257 2509 qnia
1270 2450 1371 2495 cautum

248 2520 329 2568 iuerat
341 2520 365 2568 iu
382 2518 568 2568 Pontissoaiibus
583 2518 654 2567 tibris
672 2518 756 2581 utqui
772 2519 796 2566 in
812 2519 900 2581 laqueo
919 2519 993 2567 vitam
1014 2517 1109 2567 finisset
1123 2517 1260 2581 insepultus
1274 2517 1370 2580 abjice-

247 2597 324 2642 retur.
341 2609 353 2636 »
368 2589 433 2638 Fieri
447 2593 528 2652 potest
541 2594 567 2638 ut
583 2594 656 2652 poeta
669 2589 775 2638 voluerit
788 2594 894 2639 atrocem
909 2591 1007 2638 Aeneae
1021 2589 1142 2638 inimicam
1152 2603 1222 2637 suum
1236 2589 1262 2637 iu
1275 2587 1369 2640 nona

247 2674 334 2712 norum
347 2665 440 2723 patrem
455 2660 537 2709 odium
553 2680 564 2704 a
581 2661 692 2711 informis
706 2661 749 2709 teti
766 2680 777 2704 υ
792 2662 863 2726 quasi
879 2675 957 2724 poena
972 2660 1049 2710 luere.
