2940 5076
189 340 252 408 134
601 360 677 408 rans
701 361 883 408 rosrnmoa.

233 564 248 597 u
269 536 353 618 Quis
376 564 392 598 »
414 542 451 603 ut
469 536 517 602 ait
530 537 606 627 ipse
626 536 812 624 Vergilius,

555 705 653 759 fallere
672 706 766 770 possit
780 709 948 757 amantem?

510 786 616 839 Omnia
632 792 695 839 tuta
711 787 826 838 timet...

183 929 327 996 Fallitur
341 935 456 996 autom
465 929 624 996 facillime
641 932 740 996 Anna
754 931 951 997 amoritura
965 930 1099 997 Didone
1115 952 1223 1019 seque
1234 938 1308 996 tum

184 1036 329 1127 praehet
349 1037 488 1103 minime
512 1039 759 1126 perspicacem.
786 1036 911 1103 Didoni
938 1039 1029 1104 enim
1054 1037 1307 1126 tranquillioris

184 1148 217 1209 et
242 1143 424 1232 pacatioris
445 1145 550 1209 animi
574 1145 724 1232 speciem
744 1167 828 1234 prae
849 1166 884 1210 se
903 1144 1027 1210 ferenti
1047 1144 1191 1235 credula
1211 1167 1309 1211 soror

184 1271 251 1315 non
281 1249 416 1315 diffidit.
453 1248 610 1330 Quietem
637 1251 747 1331 illam,
777 1273 865 1340 quae
891 1251 995 1339 paulo
1024 1259 1102 1317 ante
1127 1251 1307 1340 provideri

184 1356 279 1422 nullo
300 1355 402 1422 modo
422 1358 576 1445 prolecto
596 1358 724 1446 potuit,
747 1358 911 1447 illamque
931 1358 1067 1423 facilem
1091 1379 1131 1424 ac
1156 1357 1308 1445 subitam

183 1484 295 1551 nuper
314 1463 401 1529 adeo
421 1465 565 1529 furentis
588 1465 735 1530 feminae
765 1465 1036 1546 conversionem,
1062 1487 1132 1531 non
1161 1465 1309 1533 miratur

185 1568 286 1634 Anna
305 1591 372 1635 neu
398 1574 591 1659 suspectam
613 1570 728 1636 habet.
751 1570 921 1636 Didonem

511 1737 650 1790 simulata
665 1744 764 1791 mente
780 1738 911 1791 locutam

182 1839 249 1883 non
271 1818 452 1904 intellegit.

226 1922 414 2013 Postquam
447 1925 555 2010 igitur
588 1927 709 2011 regina
743 1926 774 1991 ei
810 1926 965 2012 magicas
1003 1931 1094 1992 artes
1129 1926 1304 2014 exposuit,

182 2031 308 2120 quihus
332 2031 405 2098 fore
428 2037 462 2097 ut
484 2032 537 2098 vel
558 2033 624 2098 sibi
644 2033 810 2100 reddatur
833 2036 980 2115 Aeneas,
1006 2033 1061 2099 vel
1079 2033 1156 2122 ipsa
1179 2033 1225 2099 ab
1245 2033 1306 2099 illo

183 2139 281 2228 quasi
296 2139 465 2222 solvatur,
488 2162 626 2228 sperare
647 2141 705 2223 ait,
729 2147 831 2230 atque

384 2308 456 2359 haec
470 2307 558 2360 effata
573 2307 641 2360 silet
657 2324 663 2359 :
680 2306 773 2372 pallor
787 2307 876 2360 simul
890 2313 1082 2374 occupatore,

182 2474 249 2518 uon
279 2452 447 2541 pallorem
475 2453 591 2536 istum,
622 2453 737 2518 arcani
765 2453 946 2540 cujusdam
965 2459 999 2520 et
1021 2453 1146 2518 funesti
1167 2453 1302 2520 consilii

180 2559 280 2648 quasi
299 2560 523 2648 proditorem,
548 2561 629 2627 satis
650 2560 892 2626 animadvertit
906 2560 1039 2643 Anna¹,
1061 2583 1125 2626 nec
1146 2581 1302 2626 sororem

179 2667 282 2732 sentit
309 2666 428 2732 ultimo
456 2667 515 2733 illo
544 2667 842 2754 intentissimoque
868 2667 903 2731 in
925 2666 1185 2732 dissimulandis
1206 2667 1302 2753 cogi-

177 2773 366 2838 tationibus
387 2774 457 2839 suis
479 2775 554 2839 nisu
575 2772 669 2838 velut
689 2773 888 2839 exhaustam
904 2773 1075 2839 fatiscere.

224 2879 299 2960 Qua
327 2902 407 2946 vero
434 2880 476 2946 de
504 2903 618 2962 causa,
637 2880 702 2946 nisi
727 2880 808 2969 quia
830 2902 951 2946 revera
974 2902 1041 2946 non
1064 2885 1178 2946 mente
1204 2881 1303 2946 adse·

177 2987 295 3076 quitur
313 2993 447 3054 tantum
473 2988 640 3069 dolorem,
664 2988 717 3052 cui
743 2994 963 3076 praematura
988 2987 1147 3053 adhiberi
1174 2988 1301 3054 solacia

177 3094 399 3185 subitumque
419 3095 522 3161 finem
542 3095 672 3184 imponi
693 3116 794 3184 posse
811 3096 1006 3162 existimet?
1026 3093 1126 3175 Quod
1146 3101 1300 3162 ceterum

178 3207 210 3267 et
231 3202 304 3291 ipse
324 3208 426 3291 poeta
442 3202 555 3271 dixit:
1217 3223 1220 3228 “
1299 3220 1302 3225 ’

522 3374 584 3424 Nou
600 3376 700 3423 tantos
715 3376 815 3424 mente
829 3370 943 3423 dolores

332 3440 471 3506 concipit,
486 3447 538 3493 aut
553 3444 689 3506 graviora
705 3444 789 3496 timet
804 3455 892 3508 quam
908 3446 1002 3495 morte
1017 3441 1162 3506 Sychaeo.

207 3636 229 3685 1.
246 3636 388 3700 Quanquam
403 3637 469 3687 videt
488 3639 553 3688 hunc
572 3639 699 3701 pallorem,
724 3640 795 3687 sicuti
818 3637 1056 3687 ruodmannum
1078 3651 1112 3685 :a
1135 3637 1192 3687 Non
1210 3640 1300 3687 tumen

174 3708 245 3756 Anna
259 3709 328 3769 novis
342 3714 483 3771 praetexere
500 3711 585 3758 lunera
600 3712 690 3769 sacriS,
707 3715 753 3759 etc.
769 3729 780 3754 »
803 3710 914 3759 Bauo1sr.

206 3779 230 3828 2.
248 3778 324 3840 Aea„
342 3779 384 3840 lV,
400 3780 454 3829 502.
470 3808 500 3817 --
522 3781 671 3830 Dissimilem
687 3783 711 3829 in
730 3782 828 3830 modum
843 3783 906 3830 hunc
921 3795 1017 3829 versum
1038 3781 1194 3843 explicavere
1209 3780 1297 3829 critici.

174 3849 305 3914 Perperam
317 3842 431 3920 Nesaea,
446 3853 554 3911 Baucisr,
570 3853 808 3901 Leonum-Semnan
825 3867 830 3901 :
848 3873 860 3898 «
881 3866 953 3914 quarn
971 3865 1033 3913 quae
1054 3851 1078 3898 in
1101 3856 1176 3899 morte
1192 3850 1299 3913 Sychaei

172 3921 286 3969 timuerat
310 3940 331 3971 o.
354 3921 429 3970 Recte
456 3922 574 3982 Servius,
601 3923 713 3972 Waouae
738 3938 745 3972 ι
772 3943 784 3968 α
873 3937 945 3985 quam
970 3936 1031 3985 quae
1052 3921 1195 3970 acciderunt
1222 3927 1299 3971 morte

173 3992 276 4053 Sychaei
300 4011 321 4052 »,
344 3993 384 4042 vel
399 3994 493 4042 Kieros
513 4014 524 4038 «
590 4008 661 4056 quam
683 4010 745 4057 quae
764 3995 860 4043 viderat
882 3998 957 4041 morte
979 3993 1082 4055 Sychaei
1104 4013 1126 4053 »,
1142 3993 1181 4041 vel
1202 3993 1297 4042 Haanr.

171 4062 303 4112 Aeneideu
318 4079 323 4112 :
340 4084 352 4107 a
368 4079 439 4128 quam
454 4079 515 4126 quae
531 4070 606 4114 morte
622 4066 725 4127 Sychaei
740 4066 779 4113 vel
797 4067 860 4123 lecit,
877 4065 915 4112 vel
932 4079 1002 4126 passa
1019 4069 1056 4112 est
1071 4063 1142 4112 Dido.
1161 4083 1173 4108 a
1184 4091 1213 4100 -
1230 4064 1296 4125 Vid.,

171 4134 267 4183 dehoc
290 4149 372 4194 versu,
389 4135 456 4198 apud
482 4136 574 4199 Hauar,
600 4136 717 4195 Aeneid„
739 4138 770 4185 ad
792 4137 832 4199 lV,
856 4136 910 4195 502,
933 4136 1066 4184 notabilem
1090 4135 1174 4184 Jacobi
1195 4136 1246 4185 Fox
1266 4137 1298 4186 ad

171 4204 320 4254 Wausrmcn
336 4207 462 4270 epistolum
478 4208 626 4270 (britannum
647 4213 736 4257 textum
758 4210 781 4256 in
802 4212 916 4270 promptu
935 4220 983 4254 non
1003 4208 1053 4268 jam
1073 4208 1161 4265 habeo,
1177 4221 1257 4271 neque
1272 4209 1298 4257 in

171 4276 272 4337 latinum
288 4280 408 4328 transfero
424 4293 452 4325 ne
468 4280 547 4326 minus
568 4281 629 4327 hene
645 4280 788 4328 sententiam
809 4279 919 4338 reddam)
936 4294 942 4325 ι
958 4297 970 4321 «
985 4279 1014 4327 Je
1029 4279 1095 4327 crois
1109 4293 1161 4342 que
1176 4277 1204 4328 la
1219 4279 1298 4329 close

172 4345 200 4395 la
211 4346 274 4411 plus
287 4349 415 4412 grossiore
430 4349 497 4399 dans
512 4365 539 4398 ce
555 4349 627 4408 livre,
643 4366 694 4399 nou
709 4353 872 4400 usaure'meut
887 4364 922 4398 uu
943 4350 1018 4412 point
1037 4349 1068 4398 de
1087 4365 1134 4399 oue
1152 4350 1186 4399 de
1202 4349 1297 4400 l'inde·

174 4421 391 4479 coeremicola
404 4435 519 4485 moraque
535 4421 566 4470 de
579 4423 724 4479 sentiment,
742 4426 778 4470 est
800 4421 824 4471 le
846 4435 901 4470 vers
918 4425 977 4473 502.
998 4442 1009 4464 «ι
1026 4422 1102 4470 Anna
1120 4423 1228 4485 peracit
1247 4437 1296 4487 que
