2940 5076
177 304 221 370 22
635 326 710 373 rias
734 325 839 374 rama.

176 501 301 583 dicam,
325 507 526 593 ἁρχαιολογικᾶ
551 500 785 568 additamenta
813 524 833 566 a
861 500 1017 568 Varrone
1045 498 1217 586 Vergilius
1242 521 1300 567 ac-

177 609 311 699 cepisse
330 608 498 674 videtur¹.

220 715 311 781 Num
330 737 411 781 vero
431 738 450 781 a
471 738 539 805 quo
559 715 601 781 de
620 715 883 783 Andromachae
902 714 970 781 vita
987 719 1020 780 et
1039 715 1116 780 fatis
1136 737 1192 781 res
1204 715 1299 805 ipsas

175 822 397 889 mutuabatur
414 823 578 909 integras,
602 823 742 889 affectus
759 825 945 913 quoque'et
954 823 1131 908 ingenium
1150 822 1299 889 feminae

177 953 216 995 ex
235 934 307 995 toto
333 935 366 995 et
393 931 466 996 sinc
492 928 562 996 ulla
582 931 849 997 commutatione
878 929 1089 1019 assumpsit?
1111 927 1300 995 Pertritum

174 1036 267 1103 hunc
285 1036 400 1122 locum
421 1043 523 1126 atque
543 1060 563 1104 a
582 1038 698 1103 multis
718 1038 808 1105 inter
831 1036 1040 1103 recentiores
1069 1036 1195 1103 criticis
1217 1036 1300 1102 sub-

99 1160 103 1173 “
174 1144 280 1210 tilitcr
298 1148 493 1227 tractatum,
510 1145 612 1210 liceat
629 1149 744 1211 tamen
764 1145 848 1210 mihi
867 1145 1071 1226 instaurare,
1087 1143 1169 1232 quia
1184 1143 1298 1233 primo

175 1274 244 1317 non
271 1256 518 1317 consenserunt
545 1273 663 1318 omnes
686 1251 728 1318 de
751 1253 793 1321 iis
821 1274 908 1341 quae
932 1252 1021 1317 inter
1043 1249 1247 1340 Euripidem
1265 1255 1299 1316 et

175 1357 383 1446 Vergilium,
412 1367 444 1425 et
475 1359 566 1425 inter
594 1364 776 1448 utrumque
805 1363 908 1448 atque
937 1358 1126 1425 Homerum
1151 1358 1297 1424 interce-

176 1465 302 1548 dant²;
324 1467 464 1556 -quia
482 1466 688 1556 praesertim
714 1465 871 1556 plerique
895 1465 1174 1532 Andromacham
1199 1464 1295 1530 illam

175 1595 195 1638 a
221 1572 375 1660 Vergilio
403 1578 593 1640 correctam
623 1577 656 1638 et
681 1573 843 1639 refectam
872 1573 982 1639 levius
1009 1573 1103 1659 justo
1136 1577 1295 1662 praeter-

175 1682 309 1750 misisse
334 1680 418 1747 mihi
442 1680 618 1763 videntur,
650 1681 749 1769 quasi
777 1680 970 1766 dedignati,
993 1703 1055 1747 uec
1085 1681 1166 1746 satis
1194 1679 1296 1745 intel-

173 1787 295 1854 lexisse
316 1809 420 1878 quam
441 1810 521 1853 vere
541 1786 741 1873 Vergiliana
760 1787 814 1853 sit.

718 2090 751 2157 ll

493 2303 536 2344 DE
559 2302 735 2344 EURIPIDEA
758 2301 980 2346 ANDROMACHA

217 2521 440 2612 Euripideam
468 2522 575 2608 igitur
607 2522 759 2610 primum
791 2521 1069 2589 Andromacham
1101 2527 1295 2592 accuratius

173 2632 397 2720 introspicere
417 2628 517 2710 libet,
541 2629 678 2717 qualem
704 2651 739 2694 se
763 2630 798 2695 in
825 2627 1009 2695 Troadibus
1035 2637 1069 2696 et
1094 2632 1129 2696 in
1158 2630 1296 2698 Andro-

174 2735 295 2804 macha
316 2757 468 2813 uxorem,
491 2734 630 2825 qualem
650 2741 793 2800 matrem
815 2734 984 2802 exhibeat.

217 2842 437 2933 Captivorum
458 2847 573 2907 autem
592 2840 820 2926 Trojanarum
839 2841 1074 2930 spectaculum
1095 2843 1129 2907 in
1156 2843 1297 2910 Troadi-

174 2950 233 3016 bus
252 2950 352 3015 nobis
372 2949 588 3039 proponitur.
611 2946 764 3028 Quarum
785 2949 819 3013 in
839 2955 968 3015 maesta
993 2956 1127 3015 caterva
1149 2951 1293 3040 primas,

172 3060 251 3148 post
280 3054 475 3137 Hecubam,
498 3060 615 3144 partes
646 3054 717 3139 agit
741 3053 994 3122 Andromacha.
1026 3056 1122 3137 Quae
1153 3057 1297 3147 quidem

173 3163 362 3230 sufficiente
383 3184 463 3227 sane
483 3165 517 3227 et
535 3160 678 3227 decente
698 3183 776 3227 cum
800 3160 919 3227 dolore
943 3162 1101 3229 Hectoris
1120 3164 1298 3233 recordari

172 3270 320 3337 videtur.
354 3267 477 3335 Secum
512 3269 603 3333 enim
635 3269 670 3332 iu
703 3267 921 3334 Achaeorum
959 3273 1086 3335 terram
1125 3271 1297 3340 Hectorea

172 3399 267 3444 arma
286 3375 444 3442 ablatura
464 3375 548 3457 est³,
570 3376 604 3439 in
619 3374 744 3465 quibus
759 3375 896 3459 insidet,
909 3377 1009 3465 quasi
1020 3377 1184 3462 haereat;
1207 3379 1296 3447 Hec-

172 3485 255 3551 toris
274 3483 454 3573 praeclara
472 3482 623 3548 facinora
644 3481 790 3548 libenter
806 3467 996 3566 venditat⁸;
1019 3483 1202 3552 Hectorem
1214 3487 1295 3554 licet

173 3598 346 3658 mortuum
364 3591 400 3655 in
420 3589 584 3656 auxilium
603 3591 655 3658 sui
675 3590 806 3656 vocata
832 3589 992 3655 Attamen
1019 3614 1087 3657 non
1111 3615 1151 3659 eo
1176 3617 1294 3662 amore

171 3699 416 3780 inflammatur,
437 3719 547 3787 neque
565 3719 605 3762 eo
624 3696 742 3763 dolore
763 3696 952 3778 conficitur,
975 3720 1042 3786 quo
1062 3699 1122 3764 tali
1136 3707 1294 3790 tempore

172 3808 277 3897 paulo
296 3812 374 3896 post
392 3810 565 3872 mortuum
592 3804 774 3871 Hectorem
799 3803 1020 3894 dirutumque
1045 3805 1145 3873 Ilium
1174 3811 1294 3876 etiam-

173 3919 246 3979 tum
265 3913 471 3978 inflammari
491 3917 525 3977 et
543 3911 665 3977 confici
684 3916 952 3978 consentaneum
972 3912 1025 3978 sit.

204 4109 226 4158 1.
244 4107 282 4159 (ΙΙ,
298 4108 430 4157 Vanacsuu
444 4107 508 4170 apud
524 4107 639 4166 Suaviuu,
655 4106 682 4154 in
697 4107 761 4156 Aen.
779 4105 819 4165 ΙΙΙ,
834 4105 889 4168 256,
903 4105 963 4168 3Ι9;
983 4107 1051 4156 Dion.
1071 4108 1205 4163 Hartman.
1220 4111 1239 4173 Ι,
1253 4113 1292 4165 51.

204 4180 227 4230 2.
245 4180 281 4232 cf.
299 4181 381 4229 varias
395 4195 456 4243 quae
471 4180 534 4228 intra
549 4179 629 4227 rettuli
646 4179 784 4227 criticorum
797 4179 933 4241 opiniones.

204 4252 227 4301 3.
246 4251 347 4310 Troiad,
362 4251 474 4300 573-574.

206 4324 228 4374 4.
247 4323 350 4382 Troad,
366 4323 476 4372 606-607.

205 4395 228 4446 5.
246 4394 350 4458 Troad,
364 4393 418 4443 587.
