2940 5076
589 369 687 416 carun
713 369 861 416 mariun.
1249 346 1293 413 39

170 544 268 611 ribus
308 549 341 610 et
373 547 551 613 aerumnis
575 568 607 615 a
642 551 747 636 poeta
783 543 1003 611 concedatur.
1038 542 1147 609 Immo
1189 542 1293 613 etiam

170 653 369 741 vituperare
389 650 594 738 Vergilium,
623 653 717 743 quod
735 654 837 720 nimis
857 653 985 719 multus
1005 651 1040 717 in
1057 672 1096 717 eo
1114 649 1293 716 tractando

170 771 316 851 ἐπεισοδίῳ
336 760 450 844 fuerit,
461 761 618 828 nonnulli
633 762 717 828 olim
734 783 803 828 non
819 760 1034 842 dubitavere,
1049 780 1118 849 quo
1138 767 1293 848 tempore

173 868 267 958 apud
286 869 336 934 rei
354 868 541 934 litterariae
561 870 811 936 existimatores
831 868 906 934 laus
921 872 1021 958 aptae
1037 865 1295 956 compositionis

172 976 283 1065 pluris
302 998 407 1065 quam
425 980 540 1042 cetera
554 975 661 1043 fiebat
672 978 695 1043 ¹.

218 1083 402 1150 Enimvero
423 1084 451 1149 si
472 1085 549 1174 quis
569 1084 859 1174 expenderit'qua
878 1085 1009 1150 ratione
1028 1081 1195 1149 fabricata
1214 1103 1295 1149 con-

175 1195 241 1257 stet
258 1192 363 1258 totius
384 1192 473 1282 epici
497 1193 606 1258 nostri
632 1193 802 1283 poematis
829 1211 1032 1281 compages,
1054 1191 1082 1259 is
1101 1189 1296 1257 necessario

173 1297 339 1385 fatebitur
351 1320 420 1365 non
438 1304 572 1365 tanturn
587 1299 752 1389 prodesse
771 1297 860 1365 hanc
879 1298 1110 1365 narrationem
1129 1303 1297 1386 quantum

173 1406 324 1496 pateatl.

218 1512 405 1580 Prodesset
424 1514 565 1604 quidem
584 1515 645 1582 illa
662 1515 785 1602 magis,
808 1516 835 1584 si
855 1514 966 1600 magis
983 1513 1135 1600 graviter
1158 1512 1297 1578 obstare

174 1620 475 1708 Carthaginienses
485 1622 680 1704 illecebras,
694 1624 878 1712 quominus
893 1622 963 1688 lata
977 1621 1115 1687 Aeneae
1132 1620 1299 1710 implean-

175 1734 243 1812 tur,
270 1730 484 1797 manifestior
509 1730 609 1796 nobis
638 1729 724 1801 fides
744 1731 862 1812 fieret,
884 1769 928 1778 -
946 1750 1072 1820 nempe
1092 1728 1121 1796 si
1141 1727 1209 1793 dux
1227 1731 1299 1793 tro-

172 1835 278 1923 janus
298 1836 424 1904 Didoni
442 1839 558 1927 ipsum
582 1839 712 1904 amanti
740 1846 843 1926 atque
872 1838 964 1904 ultro
994 1836 1172 1926 quaerenti
1202 1835 1299 1900 initio

175 1943 376 2026 reluctatus
395 1944 536 2011 tandem
554 1945 631 2035 pari
652 1967 768 2011 amore
790 1946 897 2014 victus
924 1950 958 2011 et
975 1946 1050 2034 ipse
1074 1942 1296 2023 concederet;

175 2073 311 2118 necnon
332 2057 366 2117 et
394 2053 423 2118 si
452 2052 584 2138 majore
618 2052 769 2118 Deorum
795 2054 873 2119 nisu
894 2076 933 2119 ac
951 2052 1115 2118 violentia
1135 2050 1299 2139 deinceps

177 2181 265 2248 opus
286 2163 388 2241 esset,
402 2164 440 2225 ut
459 2159 562 2225 officii
583 2161 783 2250 gloriaeque
804 2182 887 2228 suae
906 2161 1034 2227 oblitus
1053 2159 1155 2228 heros
1175 2157 1301 2224 Didoni

179 2265 453 2333 subtraheretur.
474 2267 560 2333 Tum
581 2268 672 2333 enim
693 2267 860 2357 (sedtum
880 2266 1032 2356 demum)
1053 2287 1174 2333 verum
1193 2265 1300 2330 fuisse

176 2373 369 2462 periculum
398 2372 568 2439 Didonem
602 2374 744 2441 credere
776 2375 965 2464 possimus,
1001 2395 1115 2463 neque
1146 2377 1300 2438 contem-

176 2481 330 2547 nendum
349 2481 486 2547 Aeneae
506 2481 704 2571 Romaeque
722 2482 800 2547 fatis
818 2481 1118 2572 impedimentum,
1141 2482 1170 2546 si
1186 2479 1300 2545 vivide
1331 2550 1338 2561 ‚

177 2588 270 2655 illius
302 2591 429 2671 amori,
462 2611 660 2679 quanquam
692 2590 727 2655 in
757 2595 875 2680 partes
904 2589 1058 2660 diversas
1097 2588 1298 2670 distractus,

179 2695 407 2786 responderet
427 2697 574 2764 Aeneas,
805 2677 809 2686 .

223 2801 422 2870 Istiusmodi
440 2826 524 2870 vero
543 2804 740 2871 certaminis
759 2805 894 2871 nullum
912 2825 1054 2894 prorsus
1072 2803 1225 2892 reperire
1247 2808 1298 2869 est

178 2910 213 2975 in
240 2909 376 2977 Aeneae
397 2911 496 2977 dictis
516 2917 575 2978 aut
595 2913 700 2998 gestis
719 2911 898 2994 indicium,
919 2934 1032 3000 neque
1059 2916 1140 2976 tunc
1160 2931 1238 2976 cum
1257 2909 1302 2976 ab

179 3024 315 3084 amante
344 3018 477 3085 Didone
511 3020 675 3101 irretitur,
711 3042 824 3109 neque
853 3024 973 3108 postea
992 3017 1130 3108 quando
1148 3017 1303 3107 proficis-

179 3147 260 3193 cens
279 3125 429 3192 Deorum
448 3132 548 3215 paret
566 3127 732 3216 imperiis.
755 3126 908 3216 Utraque
927 3128 961 3193 in
977 3126 1155 3192 occasione
1169 3126 1302 3192 lentum

180 3255 217 3304 se
240 3234 384 3323 praebet
410 3240 444 3309 et
461 3236 619 3316 inertem,
648 3240 682 3300 et
702 3235 797 3301 velut
817 3235 869 3300 sui
888 3235 1117 3316 incuriosum,
1139 3234 1238 3323 quasi
1258 3233 1301 3299 de

181 3363 218 3412 se
255 3363 323 3408 non
352 3346 484 3428 agatur.
517 3341 628 3424 Quem
653 3342 792 3430 quidem
818 3340 1023 3428 Carthagine
1048 3342 1215 3407 mansisse
1238 3362 1302 3406 nec

181 3449 289 3539 pudet
320 3449 376 3515 vel
414 3451 577 3538 paenitet,
616 3472 680 3516 nec
713 3450 861 3516 multum
890 3450 987 3539 piget
1014 3449 1122 3514 abire.
1157 3446 1201 3515 Se
1234 3469 1303 3513 non

182 3557 295 3623 minus
315 3579 426 3646 aequo
445 3558 560 3624 animo
580 3580 600 3624 a
619 3556 751 3623 Didone
772 3559 893 3641 amari,
911 3579 932 3622 a
945 3556 1017 3623 Diis
1031 3577 1148 3622 amore
1159 3554 1302 3622 Didonis

182 3665 292 3731 vetari
315 3667 455 3755 patitur.

229 3770 304 3853 Quo
323 3773 363 3838 fit
380 3777 429 3855 ut,
448 3772 741 3866 quemadmodum
760 3773 796 3838 in
814 3773 952 3839 Aeneae
971 3772 1042 3837 vita
1060 3771 1119 3838 ille
1134 3792 1231 3838 amor
1249 3791 1304 3837 res

184 3880 356 3947 subsiciva
376 3886 409 3947 et
427 3881 534 3947 veluti
558 3880 670 3946 obiter
698 3880 900 3970 decerptum
919 3879 1209 3945 oblectamentum
1230 3900 1304 3945 esse

217 4085 239 4134 1.
255 4085 373 4134 Nimirum
398 4091 423 4134 ut
447 4084 545 4147 Vergilii
571 4086 666 4148 copiam
680 4089 835 4144 excusarent,
852 4083 1021 4132 demonstrare
1043 4082 1154 4131 nonnulli
1178 4081 1306 4130 voluerunt

185 4161 298 4218 quartum
319 4157 407 4205 librum
426 4157 543 4218 poematis
563 4171 617 4204 esse
639 4157 738 4206 nodum.
764 4155 800 4205 Cl.
819 4154 884 4217 apud
900 4153 1007 4215 Caraca,
1029 4152 1133 4218 Virgile,
1156 4157 1174 4201 t,
1194 4152 1305 4212 lv,121.

187 4227 390 4290 (Commentarius
404 4228 460 4288 iste,
476 4228 533 4275 licet
551 4227 683 4290 aliquando
698 4227 774 4275 risum
789 4229 893 4283 moveat,
910 4225 1056 4274 laudandam
1077 4230 1155 4273 tamen
1175 4230 1246 4287 atque
1264 4225 1305 4272 in-

185 4299 282 4346 terdum
297 4299 368 4346 etiarn
380 4302 490 4360 argutam
506 4298 656 4360 diligentiam
670 4298 789 4359 exbibet.)

218 4369 241 4418 2.
258 4389 269 4413 α
285 4370 322 4418 Lo
336 4372 406 4418 mort
421 4369 453 4418 de
467 4368 553 4418 Didon
568 4372 608 4418 est
621 4368 711 4418 ste'rile
723 4383 792 4432 pour
812 4365 836 4415 le
850 4371 917 4417 reste
932 4368 969 4416 du
981 4369 1079 4432 po'eme.
1097 4387 1108 4411 »
1126 4367 1229 4427 Caraca,
1250 4365 1307 4413 Vir-

187 4440 249 4505 gile,
265 4445 282 4488 t.
301 4439 342 4500 IV,
358 4456 382 4503 p.
401 4440 445 4488 121
460 4455 513 4503 sqq.
