2940 5076
179 347 222 412 20
631 363 708 409 rsus
733 363 839 410 unica.

177 542 233 609 lus
261 541 404 609 forsitan
437 540 520 622 fuit,
552 540 612 629 qui
642 539 791 606 dolentis
819 538 962 626 virginis
995 541 1147 607 animum
1176 539 1298 611 sedulo

178 649 371 740 exprimere
391 647 552 734 dignatus
573 648 626 714 sit.

219 862 312 948 Ergo
350 863 399 928 ita
431 884 554 931 censeo
590 882 598 929 :
634 865 791 952 quamvis
828 885 898 929 non
934 861 1049 930 omnia
1086 861 1299 950 antiquitatis

177 970 305 1059 scripta
322 971 358 1035 in
377 969 537 1036 manibus
556 969 759 1054 habeamus,
780 976 853 1036 tuto
873 975 988 1036 tamen
1008 969 1108 1035 nohis
1126 969 1298 1055 conjicere
1378 1045 1380 1052 Ι

176 1075 278 1143 datur
305 1076 392 1143 nihil
419 1078 491 1144 fere
520 1099 582 1143 nos
612 1099 731 1143 eorum
761 1077 869 1144 latere
901 1100 990 1167 quae
1024 1077 1066 1143 de
1100 1075 1233 1143 Didone
1265 1081 1298 1143 et

175 1183 420 1251 Andromacha
438 1186 640 1271 cognovisse
659 1207 800 1254 necesse
820 1187 874 1267 sit,
892 1184 1109 1271 Vergilianac
1125 1206 1204 1250 cum
1222 1185 1298 1250 imi-

174 1292 312 1358 tationis
332 1297 405 1359 tum
423 1293 628 1359 inventionis
648 1294 797 1360 rationes
817 1298 851 1360 et
870 1294 941 1358 vias
960 1293 1158 1383 perspicere
1175 1313 1299 1378 aggre-

175 1397 362 1465 dientibus.
385 1400 685 1490 Supervacaneam
705 1400 963 1490 philologcrum
980 1399 1126 1466 istorum
1145 1420 1220 1465 esse
1240 1423 1299 1467 cu·

175 1527 250 1572 ram
287 1507 455 1590 existimo,
496 1508 554 1597 qui
586 1529 723 1598 semper
759 1508 804 1574 ad
840 1509 977 1594 ignotos
1007 1507 1106 1573 nobis
1140 1511 1297 1574 auctores

174 1614 375 1703 respiciunt,
402 1614 618 1704 libenterque
643 1614 812 1700 dictitant,
838 1607 1004 1682 nonnulla
1025 1618 1164 1705 praesto
1188 1615 1296 1680 fuisse

176 1719 328 1807 Vergilio
348 1720 514 1803 subsidia,
544 1726 577 1788 ct
595 1722 655 1788 illa
686 1723 787 1788 etiam
812 1723 911 1813 plura
931 1729 990 1790 aut
1009 1722 1171 1788 uberiora
1190 1743 1296 1811 quam

175 1849 216 1893 ea
234 1828 311 1917 ipsa
335 1851 422 1918 quae
448 1829 548 1896 nobis
573 1830 710 1915 cognita
732 1835 822 1896 sunt.
845 1830 969 1898 Contra
993 1853 1058 1918 ego
1082 1831 1136 1895 vix
1160 1829 1296 1897 levissi-

173 1956 270 2001 mum
291 1935 392 2002 nobis
418 1937 554 2003 errandi
577 1937 770 2026 periculum
794 1937 1011 2005 subeundum
1036 1959 1111 2004 esse
1131 1935 1292 2021 arbitror,

175 2043 204 2107 si
232 2065 273 2109 ee
298 2066 387 2133 quae
414 2045 448 2111 in
476 2044 639 2128 Homero,
665 2045 842 2135 Euripide,
868 2045 1065 2136 Apolloui0,
1091 2043 1292 2126 Theocrito,

175 2147 308 2216 Catullo
330 2173 399 2217 non
418 2152 646 2242 reperiantur,
668 2150 813 2239 Vergilii
832 2174 907 2224 esse
927 2152 1140 2220 confidenter
1163 2155 1295 2220 statue-

172 2277 291 2323 runus
