2940 5076
248 351 310 417 150
663 370 740 419 raas
764 371 946 420 rosrcamu.

290 547 405 629 Quare
424 553 539 614 autem
559 549 774 631 erubescat¹‚
795 546 951 638 quaestio
972 566 1046 612 esse
1065 548 1190 634 potest.
1212 544 1265 610 An
1288 543 1370 634 quia

244 654 351 744 pudet
370 656 539 742 virginem
559 678 595 722 se
611 657 720 723 solam
740 656 861 722 victori
882 652 1034 734 cuilibet,
1056 651 1139 717 velit
1148 651 1248 735 nolit,
1270 674 1371 742 prae·

243 760 324 828 dam
335 761 587 829 destinari‘lAn
604 764 697 853 quia,
711 769 892 853 praesente
913 782 1053 851 sponso,
1067 759 1269 849 nuptiarum
1288 781 1370 828 sua-

243 890 320 935 rum
340 871 469 936 mentio
487 870 578 937 facta
597 871 697 937 est²¹l
716 869 781 937 Vel
807 868 947 936 tandem
976 866 1069 956 quod
1094 906 1137 915 —-
1165 867 1267 932 sicuti
1297 867 1371 933 vult

244 974 400 1060 Servius,
421 1015 464 1025 -
488 977 724 1045 denuntiatam
750 1000 770 1043 a
799 983 907 1042 matre
936 976 989 1043 sui
1017 974 1126 1064 ipsius
1159 995 1283 1040 necem
1311 973 1369 1063 pie

242 1082 347 1165 dolet,
370 1106 476 1173 seque
498 1112 513 1146 u
536 1106 676 1151 causam
704 1085 786 1151 mali
816 1085 899 1150 tanti
931 1112 946 1146 »
979 1081 1103 1148 acerbe
1137 1084 1366 1171 reputavi...

243 1190 377 1257 Turnus
397 1214 479 1258 vero
499 1192 686 1259 arbitratur
706 1193 753 1258 sic
771 1215 791 1257 a
806 1190 950 1257 Lavinia
970 1188 1138 1255 dedarari
1159 1209 1258 1254 suam
1285 1208 1370 1273 erga

242 1297 356 1386 ipsum
377 1299 632 1381 volunlutcm⁵;
656 1322 768 1388 neque
789 1321 851 1365 uos
876 1297 1002 1363 infitias
1023 1296 1072 1362 ire
1088 1295 1369 1385 possumusquiu

242 1427 325 1471 vera
345 1406 420 1492 ejus
441 1406 639 1493 conjectura
658 1408 713 1488 sit,
736 1429 814 1473 cum
835 1427 914 1472 cum
935 1406 1024 1471 inter
1047 1403 1211 1470 Lauiniae
1241 1423 1368 1493 procos

243 1533 362 1578 omnes
381 1535 450 1578 non
471 1514 582 1579 solum
601 1514 825 1580 fortissimum
853 1534 943 1592 esse,
975 1511 1036 1577 scd
1065 1516 1099 1576 ct
1131 1537 1147 1571 o
1171 1510 1368 1600 pulcherri-

244 1639 337 1684 mum
350 1620 360 1654 ⁸
375 1648 390 1682 u
403 1618 577 1707 Vergilius
588 1622 662 1711 ipsc
675 1625 824 1703 moueat,
838 1619 1051 1707 dignumque
1060 1618 1214 1708 prolecto
1227 1616 1366 1698 efficiat,

245 1726 304 1814 qui
325 1728 440 1813 regiae
461 1728 595 1816 placeat
615 1729 752 1813 virgini.
773 1767 816 1775 -
836 1727 956 1815 Neque
973 1726 1076 1792 etium
1096 1723 1283 1814 prohibent
1299 1723 1369 1789 eol-

244 1831 314 1899 lata
333 1856 411 1899 cum
428 1835 493 1901 isto
513 1834 676 1901 Aeneidis
701 1836 776 1902 loco
803 1840 985 1924 poetarum
1010 1832 1156 1898 aliorum
1182 1831 1310 1897 similia
1333 1831 1368 1896 in

244 1939 414 2006 similibus
439 1943 676 2009 occasionibus
705 1943 845 2025 verba⁶,
877 1932 1062 2030 quominus
1092 1938 1207 2004 Turno
1238 1937 1367 2005 adsen-

242 2047 376 2130 tientes,
400 2049 503 2115 talem
524 2049 617 2138 apud
637 2051 795 2139 antiquos
817 2049 988 2117 subfuisse
1007 2045 1186 2113 credamus
1207 2046 1365 2131 virgineo

244 2181 260 2215 a
281 2155 401 2222 rubori
422 2184 438 2217 »
461 2178 611 2238 sensum,
634 2157 773 2246 qrmlem
795 2157 852 2222 illc
873 2156 982 2221 laetus
998 2152 1202 2222 existiluat⁷.

284 2260 389 2348 Erg0,
410 2262 564 2350 Vergilio
590 2263 738 2346 volente,
760 2263 903 2330 Lavinia
922 2262 1091 2343 Turnum,
1114 2283 1181 2327 non
1207 2260 1363 2327 aenam

241 2374 344 2451 amat,
366 2371 420 2435 cui
440 2377 555 2436 tamen
574 2372 608 2436 in
625 2377 802 2461 posterum
822 2375 1019 2436 reservatur
1037 2390 1132 2450 uxor,
1151 2373 1184 2433 et
1203 2367 1252 2432 sic
1271 2366 1371 2433 Deos·

241 2476 304 2546 scit
322 2476 527 2545 decrevisse.
549 2478 662 2568 Atque
689 2478 775 2544 illud
809 2481 927 2543 notatu
955 2475 1196 2561 dignissimum
1219 2495 1358 2557 censeo,

239 2583 275 2649 in
294 2606 363 2673 quo
379 2585 580 2674 apoernatis
599 2586 703 2650 totius
724 2585 901 2674 proposito
918 2582 1261 2663 iterum'detlesisse,
1286 2580 1361 2646 lau·

238 2687 379 2779 datique
417 2691 531 2757 herois
566 2692 721 2758 utilitatis
761 2691 874 2757 denuo
912 2690 1057 2756 oblitum
1094 2689 1199 2755 luisse
1220 2686 1359 2773 'Vergi-

236 2795 321 2861 lium
341 2797 423 2862 mihi
443 2798 589 2864 videtur.

280 2903 356 2968 Non
372 2906 525 2993 prolecto
545 2905 639 2994 quod
658 2907 693 2972 in
714 2906 799 2972 illud
820 2907 939 2972 vitium
960 2905 1008 2971 ibi
1020 2903 1193 2984 inciderit,
1210 2902 1245 2967 in
1262 2902 1358 2991 quod

235 3010 437 3076 incidissent
457 3011 532 3098 ejus
554 3015 818 3103 vituperatores,
846 3019 885 3078 ut
913 3010 1192 3077 animadversum
1221 3016 1272 3074 est
1301 3031 1357 3075 su-

235 3118 341 3206 pra⁸3
360 3141 471 3207 neque
493 3120 584 3184 enim
599 3118 777 3185 Lauiniam
791 3125 885 3185 tauto
906 3119 1011 3184 'lurni
1027 3140 1143 3183 amore
1162 3116 1356 3201 deflagrare

234 3224 332 3306 fecit,
363 3233 400 3291 ut
428 3227 579 3292 Aeneam
616 3227 676 3292 illa
712 3250 829 3293 rursus
864 3226 990 3303 oderit,
1030 3227 1233 3313 Aeneasque
1269 3244 1354 3309 ergo

266 3443 290 3493 1.
306 3444 387 3493 llnrss
403 3460 408 3494 :
426 3466 438 3491 «
455 3447 584 3496 Praeclare
603 3449 630 3498 τὸ
651 3437 708 3511 ἦθος
727 3448 749 3495 in
769 3449 863 3511 virgine
888 3452 1019 3496 serratum.
1051 3445 1178 3495 Erubescit
1196 3445 1253 3505 illa;
1279 3446 1353 3493 animi

235 3529 309 3564 sensa
324 3531 371 3565 nou
386 3518 518 3581 eloquitur.
536 3538 547 3562 u

264 3587 288 3634 2.
306 3587 346 3636 Sic
359 3588 456 3650 judicat
471 3590 552 3638 Herus
571 3605 602 3638 :«
618 3592 678 3639 Nam
692 3593 722 3639 de
740 3606 821 3640 amore
837 3592 967 3654 Lauiniae,
984 3591 1007 3638 ln
1026 3594 1104 3640 utrum
1126 3590 1167 3638 illa
1185 3590 1266 3637 animo
1281 3589 1352 3637 incli-

232 3662 310 3719 naret,
329 3659 389 3706 niliil
401 3674 502 3723 usquam
520 3667 591 3724 poeta
606 3663 721 3711 meminit.
739 3682 750 3706 »

262 3727 286 3779 3.
297 3729 333 3777 lta
350 3729 459 3780 Scaurus.

262 3799 286 3850 4.
303 3803 366 3852 Aen.
380 3801 434 3863 ΧΙΙ,
450 3802 490 3852 70.

261 3872 284 3923 5.
301 3878 364 3923 Aea.
384 3873 435 3934 VII,
450 3875 481 3923 55
496 3889 549 3939 sqq.
568 3892 573 3924 :

546 3992 607 4034 Petit
617 3998 667 4034 ante
680 3993 735 4035 alios
747 3993 924 4046 pulcherrimus
939 4005 1014 4036 omncs

544 4055 643 4108 Turnus,
654 4058 706 4098 acts
716 4058 837 4108 atavisque
845 4061 936 4110 pateus,
946 4063 987 4099 etc.

256 4157 280 4207 6.
296 4157 333 4207 Cl.
349 4158 503 4210 Aeomomuu
518 4163 540 4210 in
557 4163 752 4225 Arpouauticis,
767 4164 785 4221 l,
801 4163 846 4223 70;
863 4163 902 4225 ΙΙΙ,
918 4163 1030 4223 rar-rm,
1042 4162 1101 4223 963,
1115 4163 1156 4212 ubi
1171 4164 1248 4211 rubor
1262 4162 1346 4213 itidem

226 4228 376 4292 Hypsipylae
391 4234 503 4294 primum,
520 4234 609 4283 deinde
625 4235 733 4296 Medeae,
749 4249 852 4283 amorem
869 4237 994 4298 utrlusque
1009 4249 1067 4298 erga
1081 4235 1193 4284 Josonem
1208 4235 1344 4286 denuntiat.

255 4300 278 4351 Ἰ.
295 4302 355 4350 lllud
372 4305 471 4351 nimium
488 4306 554 4366 justo
572 4307 703 4368 ampliticat
721 4322 854 4369 aiumymua
875 4312 944 4368 poeta
966 4307 1084 4368 (Antlrol.
1106 4305 1164 4363 lat,
1186 4306 1265 4366 lirum,
1284 4310 1301 4356 t.
1325 4306 1342 4367 Ι,

225 4372 310 4492 p.816‘l
327 4376 365 4435 (n0
380 4374 454 4437 alil:
472 4396 483 4419 a
500 4376 563 4427 ΙΙ)...
578 4377 677 4440 (Turne)
693 4377 834 4426 lacrimans
848 4379 948 4425 Lavinia
966 4379 1034 4440 virgo
1049 4379 1170 4442 requirit.
1187 4397 1197 4421 u
