2940 5076
642 354 816 400 coscnnsio.
1227 331 1290 396 159

169 549 397 619 unaquaeque
416 528 555 595 illarum
578 528 737 594 distincte
758 534 792 595 et
816 528 960 594 seorsim
979 550 1000 593 a
1018 527 1142 595 ceteris
1161 525 1289 592 intelli-

172 637 309 721 gentiae
328 642 478 717 nostrae,
499 635 606 702 immo
628 635 827 720 memoriae,
856 635 1075 725 imprimatur
1102 638 1138 700 et
1163 631 1291 699 adhae-

171 747 258 809 reat.

704 885 752 952 Ill

215 1082 308 1168 Ergo
328 1082 398 1149 sive
415 1104 472 1149 eas
488 1104 654 1172 personas
671 1081 875 1172 inspexeris,
889 1079 932 1148 ad
949 1102 1034 1171 quas
1053 1077 1289 1147 informandas

171 1188 327 1256 subsidia
344 1188 518 1275 Vergilius
539 1190 698 1255 multa-
715 1190 796 1279 (non
815 1193 929 1255 tamen
950 1188 1051 1278 plura
1071 1208 1176 1278 quam
1195 1185 1291 1253 novi·

170 1295 260 1385 mus)
282 1335 325 1345 —
350 1301 469 1385 parata
488 1296 631 1379 invenit,
665 1297 735 1361 sive
756 1318 813 1362 eas
833 1295 894 1361 nbi
914 1294 1026 1361 nullos
1042 1294 1114 1361 fere
1133 1297 1290 1360 auctores

171 1425 212 1470 ac
231 1403 426 1489 magistros
448 1402 545 1469 nulla
564 1403 773 1492 exemplaria
789 1402 952 1469 habuisse
971 1401 1069 1468 illum
1089 1406 1233 1480 constat,
1248 1438 1291 1449 -

172 1533 213 1576 ex
239 1511 395 1599 utrisque
424 1533 533 1599 aeque
565 1510 748 1599 comperiri
781 1510 937 1576 existimo
972 1509 1111 1575 minime
1140 1507 1291 1574 defuisse

170 1616 278 1683 latino
296 1622 419 1706 poetae
438 1617 533 1682 illam
554 1618 695 1707 propria
714 1616 910 1682 inveniendi
931 1617 1078 1706 copiam,
1094 1616 1188 1682 illam
1203 1637 1293 1681 nova

171 1705 325 1809 tingendi
352 1723 563 1805 facultatem,
595 1723 689 1790 illam
721 1724 850 1810 ingenii
871 1723 1064 1790 ubertatem
1091 1722 1293 1812 vimquef-
1351 1712 1356 1721 ’

172 1829 320 1895 cundem
336 1852 423 1918 alnae
443 1831 568 1896 totiens
588 1836 702 1895 tamen
724 1830 753 1895 ei
774 1829 939 1916 denegari
961 1830 1075 1896 solet¹.
1106 1826 1151 1877 -’
1175 1826 1293 1908 Quan-

173 1958 277 2025 quam
302 1937 368 2002 hoc
396 1936 536 2002 demum
556 1936 598 2002 de
620 1936 847 2002 muliebribus
866 1936 1029 2002 Aeneidis
1045 1936 1203 2026 personis
1223 1934 1294 2001 dio-

173 2047 246 2108 tum
266 2041 355 2108 volo.
386 2042 536 2109 Tametsi
556 2044 647 2109 enim
673 2043 765 2109 idem
785 2041 827 2108 de
853 2044 935 2108 viris
962 2065 1100 2132 quoque
1125 2042 1184 2131 qui
1214 2046 1294 2107 sunt

172 2149 209 2215 in
231 2149 385 2215 Aeneide
406 2171 540 2216 raecum
562 2172 736 2233 censeam,
759 2149 897 2216 illorum
917 2155 1031 2215 tamen
1052 2148 1203 2215 indolem
1223 2171 1293 2214 non

172 2258 255 2323 satis
275 2262 390 2323 exacte
410 2257 573 2346 inquisivi
603 2264 639 2324 ut
667 2258 759 2323 idem
779 2256 821 2322 de
841 2257 909 2327 illis
939 2257 1022 2323 mihi
1051 2258 1152 2346 plane
1173 2256 1291 2346 explo-

172 2369 285 2431 ratum
302 2364 496 2432 adfirmem.

204 2560 226 2610 1.
245 2562 354 2608 Attamen
370 2562 394 2608 in
411 2561 557 2624 quibusdem
579 2560 754 2609 recentissimis
773 2560 946 2608 Germanorum
967 2557 1145 2621 pliilologorum
1164 2559 1289 2620 opusculis

170 2632 408 2751 pppluppssimmutari
426 2633 569 2681 sententiam
585 2633 665 2690 video,
681 2633 720 2680 cui
745 2633 871 2682 adversor.
892 2631 927 2679 cf.
950 2632 1034 2688 Pniiss,
1054 2644 1094 2692 op.
1115 2631 1167 2691 cit,
1190 2645 1214 2692 p.
1233 2630 1289 2692 337,

203 2717 227 2762 o,
290 2740 295 2752 .

512 2981 583 3035 V1n1
602 2992 643 3035 ac
661 2994 811 3048 pransor,

214 3105 356 3162 Lutetiae
371 3103 562 3161 Parisiorum
578 3106 610 3161 in
626 3104 774 3174 Sorbona‚
787 3121 814 3161 a.
827 3105 920 3162 dxvi
935 3106 1003 3162 Kal.
1016 3105 1099 3177 Aug.

475 3219 548 3259 ann.
564 3204 843 3270 MDCCCLXXXX,

174 3328 341 3384 Facultatis
356 3329 538 3384 Litterarum
559 3327 593 3382 in
612 3327 777 3384 Academia
794 3327 962 3401 parisiensi
976 3328 1128 3394 Decorus,

557 3456 592 3510 A.
614 3453 748 3508 HIMLY.

883 3635 976 3688 Turis
996 3646 1184 3698 manseron,

788 3755 968 3811 Academiae
979 3756 1161 3828 parisiensis
1176 3757 1290 3823 Hector,

930 3868 1096 3938 censen.
