2940 5076
502 365 505 372 ⁵
544 374 548 394 '
587 404 692 478 *curor
717 403 868 451 raanan.
1250 378 1293 446 59
1332 476 1335 482 ῃ

173 575 301 666 speret)
322 615 366 626 -
384 583 464 667 post
482 583 551 644 tam
571 578 677 645 hreve
697 578 954 644 matrimonium
975 581 1009 643 et
1026 576 1082 641 vix
1101 575 1292 664 praelibata

171 683 324 751 inchoati
344 687 470 752 amoris
489 686 632 772 gaudia,
654 685 741 753 nihil
754 686 828 752 ¹sihi
851 687 1000 776 amplius
1024 706 1205 774 superesse
1230 706 1293 774 op·

171 791 344 858 tandum?
632 782 635 789 ⁴

219 927 236 960 c
263 898 445 993 Culpam»
468 900 813 992 deniqueappellare
837 924 906 968 non
930 899 1065 966 dubitat
1089 921 1190 966 suum
1211 921 1293 986 erga

171 1007 326 1074 Aeneam
348 1009 512 1092 studium,
535 1032 614 1076 eum
634 1010 665 1075 ei
684 1009 836 1081 studium
855 1008 943 1076 illud
964 1035 980 1070 c
1002 1007 1136 1074 caritati
1158 1011 1193 1073 et
1211 1006 1294 1072 fidei

172 1136 256 1200 erga
289 1115 475 1202 conjugem
503 1116 702 1184 defunctum
739 1117 916 1184 adversari
949 1114 1127 1183 videatur¹
1160 1137 1200 1198 »3
1231 1112 1293 1181 sed
1364 1147 1367 1157 ·

172 1221 370 1312 paulopost
390 1250 407 1285 «
429 1245 651 1310 agnoscere»
673 1247 709 1296 se
722 1224 876 1291 declarat

522 1447 631 1500 veteris
645 1447 772 1513 vestigia
785 1449 924 1500 flammae
940 1461 946 1497 :

170 1642 311 1711 vixdum
330 1644 436 1731 igitur
453 1667 594 1728 novum,
617 1667 721 1736 quem
739 1668 851 1736 nuper
870 1645 1039 1734 concepit,
1061 1642 1221 1710 affectum
1242 1643 1294 1709 in·
1398 1712 1403 1720 ,

172 1753 315 1834 ousavit,
358 1757 392 1819 et
426 1751 572 1819 subinde
610 1752 698 1821 illud
734 1753 876 1841 injicere
914 1754 950 1819 in
985 1752 1106 1818 Annae
1143 1755 1293 1818 mentem

171 1862 294 1941 tentat,
315 1859 414 1925 illum
444 1882 609 1942 amorem,
640 1866 711 1927 tam
739 1883 858 1928 severe
878 1883 898 1927 a
918 1882 953 1927 se
973 1861 1050 1950 ipsa
1077 1859 1290 1943 damnatum,

171 1965 258 2031 nihil
272 1965 368 2032 aliud
380 1972 496 2034 tamen
512 1990 586 2035 esse
602 1991 707 2058 quam
721 1990 852 2035 meram
868 1968 1033 2058 pristinae
1048 1967 1083 2033 in
1098 1965 1294 2054 Sychaeum

172 2074 323 2140 caritatis
344 2075 635 2142 continuationem
654 2076 710 2143 vel
726 2075 919 2166 quoddam,
941 2080 980 2142 ut
997 2076 1045 2141 ita
1064 2074 1188 2157 dicam,
1210 2074 1293 2139 resi-

174 2180 295 2250 duum.
323 2221 368 2232 —
403 2181 508 2250 Velut
545 2183 573 2250 si
604 2184 774 2271 significet
809 2183 1001 2273 Sychaeum
1033 2184 1149 2273 ipsum
1180 2180 1292 2248 adhue

171 2290 294 2368 amari,
316 2311 395 2357 cum
414 2289 550 2357 Aeneas
570 2297 745 2359 ametur...

216 2396 309 2483 Ergo
330 2398 434 2464 etiam
450 2397 588 2488 quando
608 2398 695 2465 Dido
716 2400 824 2466 sorori
843 2403 1047 2485 argumenta
1071 2396 1235 2464 adversus
1256 2418 1292 2464 se

173 2502 285 2592 ipsam
316 2503 467 2570 valentia
500 2526 668 2591 generose
700 2505 878 2595 porrigere
914 2503 1063 2586 videtur,
1095 2504 1145 2570 ita
1178 2508 1294 2568 tamen

176 2609 334 2677 sollerter
352 2611 413 2677 illa
432 2612 530 2698 eligit
549 2618 608 2678 aut
627 2614 793 2693 enuntiat,
819 2617 868 2693 ut,
890 2612 989 2701 quasi
1011 2612 1186 2692 hebetata,
1215 2610 1295 2676 usui

172 2737 247 2782 esse
266 2725 452 2807 nequeant.
468 2718 703 2801 Quamobrem
721 2741 841 2791 rursus
863 2720 975 2803 Anna,
998 2724 1176 2786 emunctae
1200 2717 1294 2783 naris

173 2828 207 2889 et
234 2824 310 2913 ipsa
335 2826 474 2909 mulier,
496 2849 608 2916 neque
637 2827 679 2894 iis
708 2828 921 2915 argumentis
950 2827 1010 2909 uti,
1033 2848 1146 2915 neque
1171 2824 1293 2891 eadem

173 2931 331 2998 refellere
351 2932 527 3019 dignatur.
1209 3020 1210 3024 Ἰ

219 3037 289 3106 Sed
317 3039 385 3106 alia
412 3047 494 3107 tunc
521 3041 581 3107 illa
608 3042 753 3109 meliora
775 3043 886 3125 affert,
908 3047 942 3108 et
964 3042 1075 3127 magis
1099 3064 1162 3130 per
1181 3032 1217 3108 se
1236 3064 1295 3107 va-

173 3146 289 3229 lentia,
321 3151 479 3237 quaeque
508 3151 655 3216 maxime
689 3151 733 3216 ad
772 3149 1057 3218 commovendam
1088 3154 1132 3232 et,
1173 3153 1211 3214 ut
1247 3150 1295 3215 ita

173 3253 298 3335 dicam,
327 3256 625 3345 praecipitandam
648 3256 818 3324 Didonem
846 3257 971 3324 idonea
1001 3258 1079 3322 sint.
1106 3255 1182 3322 Duo
1201 3257 1294 3322 ‘enim
1354 3256 1355 3259 ’

174 3361 239 3430 ista
264 3362 336 3429 sola
360 3361 486 3430 Didoni
510 3386 584 3432 esse
609 3365 800 3455 accipiendi
824 3367 949 3431 amoris
978 3363 1225 3452 impedimenta
1243 3364 1295 3429 in-

174 3469 319 3556 tellegit,
335 3470 465 3537 scilieet
483 3472 689 3561 promissam
710 3473 856 3561 Sychaei
879 3473 997 3554 cineri,
1020 3472 1295 3561 promissamque

174 3575 248 3643 Diis
266 3576 384 3643 fidem.
404 3576 542 3668 Duplici
562 3580 653 3646 enim
671 3586 808 3646 tenetur
823 3579 912 3645 Dido
926 3578 1092 3664 religione
1114 3600 1122 3646 :
1144 3583 1295 3644 mortuo·

175 3703 251 3748 rum
271 3685 465 3750 reverentia
484 3691 586 3775 atque
607 3692 702 3753 metu
720 3685 889 3769 Deorum;
912 3707 951 3751 ac
971 3684 1057 3750 duas
1077 3685 1153 3750 illas
1168 3685 1296 3770 cogita-

174 3790 285 3873 tiones
315 3789 390 3878 ejus
430 3793 543 3858 animo
578 3794 715 3882 penitus
743 3793 864 3860 infixas
894 3814 962 3858 uon
990 3791 1098 3859 semel
1122 3790 1295 3878 Vergilius

175 3900 390 3965 monstravit.
416 3898 486 3965 Eae
511 3905 627 3966 autem
648 3901 744 3990 ipsae
771 3906 850 3966 sunt
880 3920 965 3989 quas
996 3898 1107 3965 refelli
1136 3904 1294 3988 oportere

174 4004 275 4071 Anna
294 4005 388 4071 haud
406 4006 579 4073 immerito
604 4012 736 4091 censet;
759 4030 827 4097 quo
854 4030 935 4073 vero
959 4005 1063 4072 modo
1085 4007 1229 4090 refellat,
1252 4005 1294 4072 de

175 4111 275 4180 Anna
294 4112 502 4180 disserentes
521 4120 643 4205 postea
663 4115 889 4182 videbimus².

183 4461 189 4476 .
210 4395 233 4451 l.
248 4397 338 4450 Herus.

208 4469 232 4522 2.
250 4471 312 4520 Pars
324 4484 352 4536 11,
366 4485 420 4535 cap.
434 4484 472 4522 ιν.
