2940 5076
623 355 714 419 ,raas
737 355 842 402 anion.

319 529 354 580 Et
364 531 424 594 prm
434 529 519 593 jussa
535 530 614 584 iacit.
633 534 804 593 ponuntque
818 529 924 581 ierocia
939 529 1027 581 Poeni

320 609 412 662 Corda
428 609 546 662 volente
561 609 614 661 deo
629 625 635 670 ;
652 610 682 660 iu
700 610 804 675 primis
819 611 920 674 regina
933 610 1065 674 quietum

319 690 434 755 Accipit
448 689 480 741 in
494 689 622 742 Teucros
635 690 770 742 animum
787 694 977 754 mentemque
993 689 1162 755 benignam.

225 872 296 938 Nec
321 871 433 961 plura.
470 870 519 936 De
542 868 714 961 Cupidine
742 871 847 953 item,
884 871 1010 936 etenim
1037 868 1125 935 illud
1150 860 1302 958 primum

180 976 525 1045 animadvertendum
553 982 621 1059 est,
650 979 754 1043 etiam
779 984 966 1067 antequam
989 978 1129 1063 ingruat
1149 975 1300 1064 Cupido,

177 1086 251 1173 jam
268 1091 350 1152 tuno
369 1085 523 1151 Aeneam
543 1085 652 1151 amari
671 1108 691 1151 a
710 1085 864 1151 Didone¹
888 1106 895 1151 :
995 1076 998 1098 ¹

305 1281 456 1346 Obstipuit
477 1282 572 1346 primo
588 1279 731 1342 adspectu
747 1276 865 1331 sidonia
882 1276 973 1341 Dido;

306 1363 381 1414 Casu
394 1362 502 1415 deinde
516 1361 568 1413 viri
582 1364 693 1412 tento...

182 1533 307 1623 quihus
335 1532 450 1599 verbis
472 1532 545 1619 jam
570 1531 653 1599 satis
673 1529 781 1619 liquet
799 1529 954 1616 reginam
975 1532 1008 1593 et
1030 1548 1095 1618 per
1114 1527 1304 1594 oblectatus

182 1641 299 1707 oeulos
316 1644 349 1706 et
368 1662 430 1730 per
449 1640 632 1706 mirantem
653 1639 943 1726 miserantemque
963 1636 1117 1702 animum
1136 1657 1207 1701 uua
1222 1657 1304 1725 cap

180 1753 252 1814 tam
272 1753 305 1814 et
323 1746 577 1836 labefactatam,
598 1745 728 1835 duplici
748 1743 899 1834 quodam
914 1744 1040 1812 amoris
1056 1743 1198 1809 vulnere
1212 1743 1304 1810 ultro

180 1855 368 1922 vulnerari.
391 1853 660 1944 superveniente
681 1851 860 1942 Cupidine,
879 1852 952 1938 jam
972 1856 1073 1918 antea
1090 1873 1172 1940 pars
1191 1851 1304 1937 major

181 1963 295 2052 operis
315 1967 457 2052 peracta
475 1967 538 2031 est.
1150 1987 1157 2015 r

226 2068 357 2136 Deinde
393 2073 426 2136 et
457 2070 572 2160 ipsum
603 2068 747 2135 Veneris
781 2067 843 2133 filii
872 2067 908 2133 in
938 2066 1106 2134 Didonem
1133 2066 1302 2156 impetum

181 2176 304 2243 leviter
322 2177 564 2243 tantummodo.
584 2177 721 2263 attingit
745 2175 931 2261 Vergilius,
961 2180 994 2241 et
1017 2175 1154 2260 attingit
1175 2175 1236 2256 ita,
1257 2196 1301 2239 ne

180 2283 261 2367 tela,
283 2306 326 2350 ne
347 2306 476 2368 areum,
504 2307 548 2351 ne
572 2283 757 2351 blanditias
778 2305 817 2350 ac
836 2282 934 2349 dolos
953 2281 1071 2372 pusilli
1096 2281 1152 2347 dei
1178 2282 1302 2348 memi-

181 2391 289 2475 nerit;
318 2414 380 2459 nee
400 2392 618 2474 miraculum,
646 2414 714 2481 quo
737 2390 809 2474 fiat,
841 2389 1016 2471 describit,
1043 2389 1104 2455 sed
1127 2389 1247 2457 solitos
1268 2395 1303 2455 et

180 2499 354 2567 naturales
383 2499 539 2566 miraculi
563 2499 669 2587 hujus
699 2497 851 2565 effectus,
880 2497 1061 2588 Cupidinis
1082 2496 1174 2562 enim
1193 2495 1301 2564 Dido·

178 2628 258 2672 nem
277 2609 433 2694 aggressi
450 2608 585 2697 pictura
604 2606 691 2674 nihil
709 2606 804 2673 aliud
823 2612 875 2672 est
894 2627 998 2695 quam
1018 2608 1229 2671 secretarum
1243 2604 1302 2671 Di-

116 2715 119 2721 ’
177 2713 276 2780 donis
296 2715 339 2782 de
358 2715 545 2806 praeterita
566 2738 605 2782 ac
623 2719 806 2805 praesente
825 2714 895 2780 vita
915 2713 1160 2800 cogitationum
1180 2712 1301 2779 verisi-

152 2864 154 2871 κ
176 2821 268 2887 milis
288 2823 498 2889 enuntiati0²
521 2843 529 2889 :

687 2949 727 2999 At
743 2957 856 2998 memor
871 2944 923 2998 ille

376 3027 477 3079 Matris
491 3027 644 3080 Acidaliae
658 3027 802 3092 paulatim
817 3026 921 3076 abolere
934 3025 1088 3090 Spcltoeum

376 3108 490 3173 Incipit,
506 3113 536 3160 et
550 3109 609 3158 civo
624 3113 720 3161 tentat
732 3113 918 3173 praevertere
931 3121 1023 3156 amore

376 3189 545 3254 iampridem
556 3190 656 3240 resides
671 3190 778 3240 animos
790 3189 971 3254 desuetaque
985 3185 1078 3239 corda.

219 3368 282 3436 Hic
303 3369 410 3455 igitur
429 3390 566 3459 quoque
588 3367 893 3459 (quemadmodum
912 3366 955 3434 de
974 3366 1111 3450 Amata,
1132 3365 1177 3432 ab
1196 3366 1298 3435 Alec-

174 3481 254 3543 tone
282 3475 433 3561 efferata,
462 3476 538 3544 fieri
561 3475 769 3566 videbimus)
797 3480 997 3566 portentoso
1021 3474 1171 3542 numinis
1189 3475 1297 3543 iuter-

173 3585 291 3652 ventui
315 3585 467 3652 humana
491 3586 663 3676 quaedam
680 3590 713 3650 et
732 3590 876 3651 naturae
902 3589 1040 3654 nostrae
1065 3587 1297 3654 consentanea

203 3861 225 3910 1.
243 3859 279 3909 Cl.
296 3862 371 3919 Aen,
386 3861 404 3919 1,
420 3859 475 3919 613,
493 3859 548 3920 659,
564 3859 619 3918 670,
636 3860 683 3909 ‘112
696 3875 750 3923 sqq.
766 3888 797 3897 -
812 3860 882 3908 Errat
896 3859 1039 3919 Cocineion,
1056 3873 1111 3909 cum
1128 3859 1152 3909 in
1167 3859 1295 3923 ingeniosa

170 3936 277 3981 ceterum
289 3938 313 3980 et
325 3933 467 3995 plerumque
477 3946 534 3980 vera
549 3932 729 3990 dissertatione,
744 3933 843 3980 scribit:
856 3952 868 3977 (ι
879 3931 969 3981 Dido's
984 3932 1064 3996 (tame
1078 3931 1201 3981 hasbeen
1217 3931 1294 3981 ltind-

171 4001 214 4053 ted
228 4008 274 4053 not
287 4005 359 4068 from
373 4003 475 4061 within,
499 4001 546 4052 but
568 4005 638 4068 from
660 4003 778 4061 without,
796 4004 828 4068 by
850 4020 867 4053 α
890 4002 1080 4068 supernataret
1096 4017 1193 4067 power.
1215 4021 1227 4046 u
1246 4003 1294 4052 ln·

172 4075 251 4133 trad,
267 4091 291 4138 p.
308 4075 357 4139 13.)

201 4147 225 4197 2.
244 4147 374 4210 Perpetem
391 4145 479 4206 Canna,
495 4162 534 4209 op.
552 4149 602 4207 cit,
620 4163 644 4211 p.
660 4149 700 4206 24,
716 4149 747 4196 de
767 4148 812 4197 hoo
835 4149 958 4207 Mercurii,
975 4149 1037 4196 sicut
1052 4151 1076 4196 et
1089 4147 1192 4195 aliorum
1205 4147 1231 4195 in
1246 4147 1293 4196 Ae-

170 4219 244 4267 neide
258 4219 367 4280 deorum,
390 4219 526 4267 interventu
543 4233 549 4266 :
566 4239 578 4264 «
596 4219 646 4269 dos
663 4220 816 4284 Einpretfen
829 4218 876 4268 der
896 4219 985 4269 Go'tter
999 4221 1035 4268 ist
1054 4217 1127 4266 nieht
1141 4231 1195 4266 aar
1208 4217 1292 4276 uiolet,

171 4291 218 4339 wie
232 4288 273 4338 bei
286 4291 388 4349 Homer,
404 4291 451 4339 der
462 4291 591 4353 poetiscke
606 4292 743 4341 Ausdrueic
756 4293 803 4356 fttr
818 4291 878 4350 dor,
892 4307 945 4341 was
960 4291 1002 4340 die
1015 4289 1087 4341 Seele
1101 4289 1147 4339 dee
1158 4287 1293 4340 Menoeten

171 4360 276 4426 dewept,
292 4361 404 4411 eundern
419 4377 445 4412 es
459 4360 566 4413 stettin
576 4363 801 4428 onpesproclzeneu
813 4363 956 4428 Gepenaotz
971 4378 1003 4412 zo
1014 4361 1099 4412 dieser
1112 4361 1265 4427 Bewepunp.
1279 4380 1290 4406 υ

173 4432 209 4484 et.
227 4434 332 4483 intrude
348 4435 440 4482 Amata.
