2940 5076
604 354 702 402 cucur
725 357 859 403 rumen.
1229 341 1292 406 109

174 533 289 595 autem
315 550 393 595 cum
414 528 592 617 diligentia
612 553 749 599 omnem
772 533 828 599 vel
849 532 1007 598 umbram
1031 533 1157 598 amoris
1179 555 1200 598 a
1227 531 1293 599 Ca-

172 635 268 703 milla
287 658 349 703 sua
358 635 532 724 Vergilius
552 640 726 723 averterit,
748 661 826 706 mox
845 639 1052 708 videbimus,
1075 638 1293 730 Quapropter

170 766 254 810 vera
278 766 353 811 esse
373 745 564 811 recentium
589 745 846 836 philologorum
869 747 1209 830 videtursententia,
1233 749 1293 837 qui

172 850 352 920 Camillam
371 874 391 918 a
409 852 549 923 Marone
570 853 614 920 ab
634 855 727 921 omni
745 859 843 945 parte
863 853 1044 921 confictam
1060 855 1289 925 existimant¹.
1378 854 1381 859 ’

219 1067 352 1150 Quibus
373 1088 413 1133 ex
432 1066 591 1134 omnibus
603 1068 754 1159 perspici
773 1072 887 1159 potest
904 1067 1066 1135 Aeneidis
1080 1066 1293 1136 conditorem

174 1174 382 1266 paucissima
400 1173 521 1241 inillis
539 1175 696 1265 personis
715 1175 975 1258 adumbrandis‚
998 1175 1041 1241 de
1061 1175 1187 1265 quibus
1202 1198 1292 1242 nunc

175 1282 299 1349 dicturi
319 1303 453 1364 sumuS,
485 1304 525 1348 ex
553 1283 594 1351 iis
623 1283 821 1350 auctoribus
851 1287 1043 1349 mutuatum
1070 1282 1176 1350 fuisse
1205 1304 1292 1372 quos

174 1391 344 1475 novimus
370 1390 536 1479 pauciora
555 1390 658 1456 etiam
686 1392 794 1457 multo
822 1413 862 1457 ex
888 1389 957 1455 illis
984 1413 1070 1480 quos
1092 1391 1291 1476 ignoramus

173 1497 326 1587 potuisse
357 1497 520 1563 mutuari.
552 1495 673 1564 Utrum
701 1520 783 1565 vero
811 1497 968 1579 feliciter,
999 1519 1123 1579 necne,
1154 1496 1292 1562 illarum

174 1605 324 1695 speciem
345 1625 385 1671 ac
404 1625 517 1671 mores
539 1607 756 1695 expresserit,
783 1627 875 1672 nuno
901 1604 1181 1671 consideraturus
1201 1626 1289 1687 sum,

173 1735 215 1778 eo
239 1712 368 1779 scilieet
387 1711 507 1778 ordine
534 1711 779 1802 dispositarum
800 1718 838 1780 ut
864 1711 1042 1779 exordium
1068 1712 1153 1780 mihi
1181 1712 1225 1778 sit
1247 1711 1291 1777 ab

172 1819 214 1888 iis
240 1818 375 1886 leminis
402 1840 491 1909 quae
510 1819 546 1886 iu
564 1819 669 1887 rebus
688 1820 851 1888 Aeneidis
870 1820 1059 1911 plurimum
1079 1822 1291 1886 momentum

173 1925 336 1995 habeant.

169 2179 236 2228 visse
252 2193 258 2226 :
273 2179 362 2228 citatur
380 2178 483 2242 Alcippe
502 2182 597 2241 praeter
613 2178 812 2227 consuetudinem
831 2192 915 2227 earum
930 2178 1046 2241 ὀμόσασα
1066 2179 1186 2242 παρθένος
1204 2176 1291 2242 διαμέ-

170 2270 219 2302 νειν
236 2250 327 2313 (moa,
342 2249 383 2311 lV,
400 2249 447 2310 16).
467 2249 502 2297 Cl.
518 2264 581 2313 quae
599 2251 630 2298 de
644 2249 792 2298 Amazonum
809 2250 869 2298 satis
889 2249 1021 2297 luxuriosis
1040 2248 1185 2297 libidinibus
1200 2248 1290 2299 Eusm·

169 2338 236 2371 rmus
250 2322 323 2370 habet
337 2323 400 2384 (loco
415 2322 507 2384 citato).

201 2393 223 2442 l.
240 2396 377 2453 Wrssown,
392 2397 438 2442 art.
454 2391 576 2452 Camlllo,
593 2392 658 2456 apud
674 2391 798 2452 Rusonem
813 2392 941 2454 Pammeni,
957 2390 1047 2456 Virqil,
1064 2395 1080 2440 l.
1092 2391 1123 2452 ll,
1134 2407 1157 2454 p.
1173 2391 1228 2450 352,
1242 2394 1289 2442 eto.
