2940 5076
245 305 288 372 48
673 328 774 381 ¹mus
798 329 901 374 rator.

244 507 345 589 gusta
365 501 697 587 Carthaginiensium
717 503 848 588 regina,
866 502 1078 588 gravissimis
1088 502 1268 568 laboribus
1284 501 1364 567 viri·

243 593 322 676 liter
341 613 508 700 occupata
521 590 681 693 contulit,
700 632 814 675 nonne
834 610 898 676 hoc
917 610 953 676 in
972 611 1086 676 animo
1101 610 1218 700 potuit
1232 609 1364 677 hahere

244 721 281 783 ut
310 716 519 804 significaret
543 715 684 799 Didoni,
715 717 771 783 vel
799 717 880 783 olim
909 723 1036 807 nuptae
1070 718 1230 806 curisque
1259 717 1364 783 tantis

243 818 410 906 ihtentae‚
433 823 627 911 virgineum
650 830 767 891 tamen
794 824 926 914 aliquid
954 825 1163 914 superesse?
1195 824 1381 897 Maturius,

161 941 164 947 '
245 931 335 996 enim
354 932 428 996 viro
453 930 594 997 orbatae
620 953 703 997 num
733 933 762 997 ei
796 932 877 997 satis
903 930 1039 997 abunde
1064 931 1131 997 frui
1160 952 1363 998 eoncessum

244 1043 296 1104 est
315 1061 366 1118 ea,
389 1060 477 1127 quae
497 1039 607 1104 mutui
626 1039 752 1105 amoris
773 1044 835 1121 est,
858 1039 1047 1106 felicitate?
1067 1066 1083 1100 α
1106 1036 1268 1107 Resides»
1285 1038 1364 1128 qui—

244 1146 323 1212 dem
337 1146 398 1212 illa
416 1146 493 1235 ipsa
511 1149 632 1235 postea
647 1145 793 1233 jactabit
811 1174 827 1208 u
846 1147 977 1212 animos
999 1174 1015 1208 u
1037 1168 1134 1229 suos,
1167 1173 1183 1206 «
1195 1145 1364 1219 ‚desuetu-

243 1275 309 1345 que
340 1251 442 1319 corda
475 1281 504 1320 ».
534 1253 625 1320 Num
650 1276 733 1320 vero
762 1252 884 1320 resides
917 1254 999 1343 quia
1026 1253 1168 1343 expleti,
1204 1252 1364 1344 adeoque

245 1359 381 1453 desueta
409 1383 451 1426 ne
472 1361 698 1451 expergefieri
721 1362 877 1451 possint?
897 1360 1035 1428 Minime
1055 1361 1229 1451 prolect03
1259 1360 1365 1426 Dido-

242 1489 391 1557 nemque
424 1466 598 1554 Vergilius
634 1491 712 1535 cum
747 1469 880 1555 virgine
914 1468 979 1535 dea
1008 1468 1240 1559 comparando
1269 1468 1365 1535 istud

244 1577 344 1665 quasi
362 1576 492 1659 furtim,
515 1582 548 1642 et
567 1598 645 1643 cum
664 1577 845 1664 ingeniosa
864 1576 1016 1667 quadam
1036 1577 1191 1643 castitate
1204 1577 1364 1666 assequi-

243 1688 299 1749 tur
313 1689 352 1749 ut
369 1683 503 1749 facilius
527 1683 729 1770 intellegant
755 1685 911 1771 legentes
937 1706 1005 1773 quo
1029 1685 1209 1773 repentino
1236 1683 1363 1751 ardore

241 1791 455 1880 juvenilique
493 1791 667 1858 alacritate
695 1792 848 1858 Aeneam
881 1813 997 1858 amare
1025 1791 1133 1874 Dido,
1162 1813 1365 1882 quanquam

244 1904 378 1965 matura
394 1900 468 1985 jam
488 1905 610 1982 aetate,
632 1900 790 1988 incipiat,
813 1922 853 1966 ex
877 1922 945 1990 quo
969 1898 1072 1965 heros
1092 1898 1164 1983 ille,
1193 1926 1209 1960 ι(
1236 1921 1275 1966 os
1295 1899 1364 1965 hu-

244 2028 426 2096 merosque
440 2006 505 2072 deo
520 2007 640 2073 similis
658 2034 673 2068 »
690 2012 922 2096 renovataque
939 1999 1195 2096 pulchritudine
1210 2006 1362 2094 lulgeuS,

245 2135 361 2182 coram
381 2113 618 2205 obstupefacta
637 2115 758 2202 regina
777 2115 891 2183 adstet
903 2122 925 2180 ¹.

780 2417 828 2485 IV

244 2629 376 2674 NULLAM
390 2630 474 2674 APUD
489 2629 624 2674 PRIORES
639 2629 757 2673 POETAS
773 2628 850 2673 ESSE
872 2629 1009 2672 SIMILEM
1027 2629 1229 2672 FUTURARUM
1248 2629 1368 2674 RERUM

328 2731 329 2734 ’
655 2719 951 2764 ΡΒΑΕΡΑΒΑΤΙΟΝΕΜ.

288 2939 579 3026 Diligentissimae
626 2943 742 3005 autem
788 2938 1128 3028 sapientissimaeque
1174 2958 1368 3027 praepara-

244 3048 346 3115 tionis
365 3046 500 3113 nullum
519 3067 665 3135 usquam
687 3045 780 3136 apud
799 3047 932 3136 priores
950 3049 1083 3136 poetas,
1103 3046 1246 3134 quinon
1266 3042 1368 3112 dissi·

244 3156 342 3222 miles
379 3175 513 3223 amores
556 3154 756 3240 attigerant,
787 3152 983 3244 exemplum
1016 3153 1171 3240 Vergilio
1211 3152 1366 3243 reperire

247 3269 330 3330 crat.
796 3246 798 3251 .

293 3370 394 3452 Quod
413 3370 504 3436 enim
529 3368 572 3436 ad
596 3369 806 3436 homericam
825 3367 958 3436 Circam
981 3368 1258 3457 attinet‚÷paruu'1
1282 3390 1367 3458 pro-

244 3479 333 3545 fecto
353 3477 479 3545 mirum
499 3483 550 3545 est
570 3478 598 3543 si
617 3477 711 3544 nulla
732 3479 881 3544 emineat
899 3476 993 3566 apud
1011 3475 1107 3541 illam
1133 3497 1250 3543 rerum
1275 3498 1366 3565 quae

247 3584 291 3650 ad
320 3585 472 3651 animum
501 3590 656 3675 spectent
686 3607 779 3652 cura.
811 3584 1015 3670 Prodigiosa
1038 3605 1181 3672 prorsus
1206 3587 1367 3651 narratur

245 3692 310 3759 ista
336 3692 465 3776 fabula,
484 3692 740 3761 incredibilium
769 3691 981 3774 redundans,
1002 3696 1121 3781 utpote
1145 3692 1180 3757 in
1204 3713 1274 3779 qua
1296 3713 1367 3760 non

278 3969 611 4029 t.Boun1rn(LesAmours
632 3958 727 4016 d'li'ne'e
752 3971 778 4016 et
799 3967 831 4015 de
851 3966 954 4031 didon,
975 3966 1045 4018 trud.
1066 3981 1096 4016 en
1113 3968 1160 4030 fn,
1186 3965 1254 4025 1742,
1280 3967 1365 4029 Pref„

248 4046 373 4099 xxm-mx)
404 4040 534 4103 Vergilium
560 4039 670 4089 defendit
695 4039 814 4088 adversus
841 4038 1021 4087 criminationes
1044 4039 1196 4102 quorundam
1225 4038 1368 4087 criticorum

247 4135 258 4158 «
278 4115 324 4177 qni
338 4116 383 4161 ont
396 4111 523 4176 pretende
543 4126 592 4175 qne
610 4110 697 4158 Didon
715 4125 741 4159 se
761 4110 825 4159 livre
845 4113 902 4174 trop
923 4109 1078 4175 legerement
1097 4114 1114 4159 d
1131 4124 1178 4158 son
1193 4124 1287 4159 amour
1298 4124 1368 4173 pour

247 4201 282 4234 nn
297 4187 449 4250 e'trunqer...
466 4184 537 4232 Ponr
547 4183 631 4246 juger
645 4183 714 4230 ainsi
728 4181 759 4231 de
774 4185 841 4231 cette
855 4183 939 4240 reine,
956 4180 976 4230 il
991 4185 1055 4246 sont
1068 4182 1170 4231 n'ovoir
1182 4196 1233 4245 pus
1252 4182 1308 4245 fait
1322 4184 1367 4230 at-

247 4258 378 4306 tentione
394 4255 456 4305 l'urt
469 4255 534 4304 dont
553 4252 648 4318 Virque
666 4253 726 4302 s'est
740 4255 815 4313 servi,
833 4270 884 4304 non
898 4253 1039 4304 seulement
1051 4268 1119 4318 pour
1134 4252 1162 4303 lo
1178 4253 1273 4303 rendre
1287 4253 1367 4318 digne

246 4327 373 4386 d'encnse,
391 4329 456 4376 inuia
471 4327 550 4375 me'me
562 4339 632 4390 poni·
644 4326 713 4387 faire
724 4326 809 4374 sentin
823 4324 887 4390 qu'il
900 4341 930 4374 ne
944 4326 982 4375 lui
997 4327 1070 4376 acuit
1081 4341 1132 4390 pus
1142 4327 1185 4376 ete
1194 4324 1367 4376 moralement

244 4398 356 4465 possible
371 4401 403 4449 de
418 4412 450 4449 ne
461 4415 511 4462 pas
525 4397 685 4460 succumbes.
703 4416 715 4442 n
