2940 5076
175 333 217 401 la
627 358 704 404 rans
727 359 832 406 emon.

173 531 322 622 spatium
346 531 515 614 deesset¹‚
536 533 571 598 in
596 531 805 622 explicandis
829 526 972 599 Didonis
1002 528 1160 598 sensibus
1187 531 1291 621 paulo

173 639 252 729 plus
272 660 383 727 aequo
398 639 620 727 acquieverit.

709 833 757 902 HI

190 1045 232 1087 DE
252 1044 383 1089 DIDONIS
402 1042 536 1088 INGENIO
557 1044 707 1099 EJUSQUE,
721 1045 755 1088 IN
775 1045 908 1088 AENEAM
928 1045 1051 1090 AMORIS
1071 1045 1268 1092 ORIGINIBUS.

218 1245 351 1327 Quanta
371 1252 577 1314 autemeam
594 1244 963 1333 diligentiaVergilius
978 1248 1124 1314 amantis
1140 1248 1292 1315 mulieris

174 1355 325 1421 animum
346 1354 523 1432 altissime,
546 1359 584 1419 ut
601 1352 649 1418 ita
668 1351 792 1434 dicam,
813 1354 954 1420 rimatus
975 1355 1018 1420 sit
1037 1360 1140 1444 atque
1154 1356 1292 1446 penitus

174 1459 340 1544 effoderit,
363 1461 587 1550 introspicere
607 1481 718 1548 usque
737 1482 1000 1550 persequamur.

217 1567 372 1634 Primum
392 1572 506 1634 autem
526 1566 693 1657 patefiunt
713 1565 812 1632 nobis
828 1589 867 1633 ea
884 1569 999 1635 omnia
1014 1591 1102 1658 quae
1122 1568 1293 1636 Didonem

173 1674 217 1742 ad
237 1675 389 1740 Aeneam
408 1674 595 1741 amandum
614 1673 803 1762 proclivem
821 1674 964 1741 fecerint
985 1695 992 1737 ε
1015 1676 1061 1741 ita
1081 1698 1223 1766 prorsus
1239 1678 1294 1743 vel

169 1782 242 1869 jam
262 1782 298 1849 in
317 1781 430 1848 medio
451 1782 563 1871 primo
583 1779 672 1846 libro
692 1781 847 1871 exposita
870 1787 908 1847 ut
930 1780 1030 1848 nohis
1051 1805 1164 1851 mores
1189 1790 1292 1873 atque

171 1888 305 1955 indoles
333 1887 477 1954 Didonis
504 1888 600 1977 prius
618 1888 721 1954 etiam
739 1893 922 1978 perspecta
942 1891 1009 1956 sint
1024 1911 1129 1979 quam
1148 1891 1184 1956 in
1200 1911 1292 1957 scae-

172 2018 252 2062 nam
272 1997 391 2082 regina
410 1996 486 2085 ipsa
505 1995 662 2084 prodeat.

217 2103 305 2169 Nam
323 2125 341 2169 e
362 2101 505 2170 Veneris
525 2102 570 2168 ad
589 2102 698 2168 filium
720 2102 833 2181 verbis
854 2104 1097 2192 comperimus
1120 2103 1291 2171 Didonem

172 2210 216 2277 ad
236 2209 420 2276 amandum
440 2213 562 2275 natura
582 2231 656 2276 esse
672 2230 830 2298 pronam.
847 2208 1041 2297 Sychaeum
1054 2211 1146 2277 enim
1166 2234 1292 2299 magno

173 2316 340 2405 diligebat
354 2338 483 2399 amore,
505 2317 613 2382 multo
633 2314 805 2382 desiderio
821 2322 1004 2405 prosecute
1021 2323 1083 2386 est.
1104 2312 1206 2399 Quod
1219 2320 1293 2410 qui-

173 2425 250 2490 dem
282 2430 319 2489 ut
347 2430 464 2514 aperte
494 2445 533 2490 ac
553 2423 710 2491 distincte
738 2423 961 2508 significetur,
984 2426 1197 2510 singularem
1220 2427 1291 2492 sine

172 2530 277 2597 dubio
297 2536 400 2621 poeta
419 2531 574 2599 consulto
595 2530 690 2596 dedit
708 2531 872 2620 opercm²
895 2556 902 2599 :

327 2729 401 2781 Huic
415 2727 524 2791 conjux
540 2725 687 2790 Sychaeus
702 2730 795 2778 erat...

397 2822 496 2871 maeno
510 2807 636 2859 miserae
651 2807 760 2856 dilectus
772 2820 872 2855 amore.

554 2930 566 2943 .
604 2886 656 2938 Ille
669 2887 832 2951 Sychaeum

327 2969 407 3021 Clam
422 2968 497 3020 ferro
514 2967 668 3018 incautum
682 2970 812 3030 superat,
829 2978 950 3017 securus
965 2981 1090 3016 amorum

327 3053 505 3112 Germanae;
521 3048 692 3112 tactumque
709 3047 757 3095 diu
772 3046 874 3104 celavit,
886 3050 916 3098 et
931 3061 1044 3110 capram
1118 3086 1122 3090 Α

327 3130 414 3180 Multa
426 3129 523 3182 malus
537 3129 677 3184 simulans,
695 3142 764 3176 uana
778 3141 824 3192 spe
839 3127 901 3177 lusit
915 3135 1059 3179 amantem.

217 3294 311 3360 Nihil
336 3317 403 3360 non
432 3294 485 3359 his
512 3295 548 3358 in
572 3295 729 3361 versibus
753 3296 852 3362 nobis
885 3302 1052 3363 monstrat
1077 3305 1205 3387 quanto
1231 3298 1291 3365 de-

173 3423 286 3466 mersa
304 3402 397 3467 luctu
411 3401 515 3466 fuerit
532 3400 632 3483 Dida,
656 3401 742 3467 adeo
762 3408 800 3468 ut
819 3409 853 3469 et
874 3404 947 3493 ipse
963 3403 1142 3492 Pygmalio
1162 3405 1293 3472 crebris

174 3512 207 3572 ct
232 3508 430 3594 excogitatis
460 3508 647 3574 mendaciis
676 3509 750 3595 ejus
779 3510 934 3575 dolorem
957 3511 1076 3577 fallere
1102 3517 1136 3577 et
1155 3513 1292 3601 placare

85 3601 87 3605 ’
172 3615 276 3680 luerit
295 3620 443 3681 coactus.

219 3719 294 3801 Quo
315 3728 430 3787 autem
449 3722 563 3804 modo,
584 3723 687 3788 occisi
703 3723 860 3809 conjugis
880 3724 1003 3789 certior
1022 3725 1123 3808 facta,
1148 3725 1293 3816 ejusque

205 3916 228 3963 1.
246 3915 311 3964 Nihil
324 3916 422 3966 videtur
442 3917 572 3978 prohibere
586 3917 643 3980 quin
658 3918 787 3965 credamus
801 3918 826 3965 in
843 3917 927 3980 primis
948 3917 1023 3966 luisse
1043 3918 1205 3979 compositum
1220 3933 1294 3981 quar-

173 3990 222 4035 tum
248 3988 365 4036 Aeneidis
381 3988 479 4037 librum.
497 3986 532 4036 Cl.
551 3988 660 4047 Brasaca,
676 3986 869 4052 Proleyomeum
886 4002 909 4050 p.
926 3987 972 4048 59;
987 3988 1125 4045 Saeaaonu,
1146 3988 1227 4038 Studi
1240 3991 1294 4038 cri-

175 4059 229 4106 tici.
248 4077 259 4102 c
278 4058 404 4107 Perfectus
419 4077 431 4103 ν)
446 4058 530 4107 saltem
546 4059 670 4121 inprimis
685 4059 729 4106 luit
743 4073 797 4107 oum
818 4059 926 4111 secundo
949 4063 1074 4122 sextoque.
1091 4059 1214 4122 (Samon,
1236 4061 1294 4110 Vua

179 4129 261 4192 Verq„
273 4129 324 4193 31.)
1215 4185 1218 4190 ,

205 4201 228 4251 l.
245 4201 320 4266 Aen.¹
334 4202 353 4262 1,
366 4201 413 4251 342
427 4217 480 4265 sqq.
498 4202 539 4250 Sic
553 4202 598 4251 hos
609 4216 696 4251 versus
709 4202 883 4264 interpretatur
898 4202 926 4250 P.
943 4201 1046 4258 Carnos,
1060 4221 1071 4246 «
1088 4202 1175 4252 Didon
1190 4208 1230 4253 est
1244 4220 1294 4254 ec·

176 4272 255 4320 treme
275 4273 342 4322 dens
363 4288 405 4321 ses
427 4273 628 4322 attachemeuls.
651 4272 806 4337 lorsqu'elle
828 4277 865 4322 est
886 4288 977 4322 encore
997 4276 1014 4321 d
1037 4274 1094 4336 Tyr,
1118 4273 1293 4325 l'inclr'nution

135 4361 141 4366 ·
175 4342 295 4406 qu'elleo
308 4359 378 4408 pour
392 4345 483 4393 Siclee'e
498 4343 539 4393 u'a
551 4346 626 4406 point
641 4344 672 4392 de
686 4343 784 4395 limites
791 4363 801 4402 ,·
820 4344 870 4394 elle
886 4347 924 4393 esl
939 4343 1059 4404 violente,
1073 4345 1122 4394 elle
1137 4349 1176 4395 eet
1190 4362 1294 4411 empor-

176 4415 222 4473 le'e,
239 4413 289 4463 elle
303 4430 335 4463 vu
345 4415 457 4480 jusqu'd
472 4414 498 4464 lu
513 4416 606 4463 rendre
621 4414 801 4465 malleacense
816 4432 823 4464 :
840 4430 925 4480 magno
941 4415 1044 4464 miserae
1057 4417 1162 4466 dilectus
1175 4432 1266 4469 amore.
1280 4438 1291 4462 »
