2940 5076
240 331 286 397 90
698 347 774 393 raas
798 346 901 397 raros.

243 526 374 607 ultor¹;
402 546 513 613 neque
537 522 663 589 infidae
689 522 828 610 conjugi
850 520 1039 601 maledicit,
1067 518 1127 586 sed
1149 520 1245 585 illam
1267 546 1282 579 «
1306 542 1358 585 oo-

243 644 309 712 cut,
334 659 349 694 >i
371 632 470 720 quasi
489 631 644 716 ignoscat
669 629 764 695 etad
786 651 821 696 se
843 630 1003 695 miseram
1023 648 1142 693 rursus
1162 626 1271 692 acciat
1289 627 1359 692 ani-

241 739 413 804 mulam...
445 736 565 826 Neque
603 737 709 803 semel
747 735 923 822 Vergilius
957 734 1144 821 significat,
1184 732 1358 822 quomodo

240 846 407 936 paulatim
434 845 469 910 in
496 843 638 909 Didonis
667 844 780 909 animo
807 842 953 930 Sychaei
979 846 1165 907 renovetur
1193 840 1360 906 memoria

241 953 549 1041 reconcilieturque
568 951 701 1036 ¹gratia.
732 951 819 1016 Nam
850 949 996 1037 Sychaei
1024 950 1193 1015 nutricem
1228 946 1359 1014 Barcen
1437 1031 1440 1039 Ι

241 1080 282 1124 eo
305 1059 381 1148 ipso
400 1065 555 1148 tempore
580 1057 711 1123 inducit
735 1079 803 1146 quo
825 1058 893 1123 vim
918 1078 999 1123 suae
1017 1057 1109 1121 vitae
1134 1055 1254 1140 regina
1270 1055 1358 1141 jam-

237 1165 310 1251 jam
326 1165 464 1232 illatura
484 1165 577 1246 est²;
596 1169 629 1230 et
648 1168 701 1230 est
719 1164 840 1230 ultima
857 1165 945 1229 inter
957 1163 1113 1229 homines
1133 1160 1240 1228 Barce
1256 1183 1360 1250 quam

239 1271 328 1338 Dido
348 1273 554 1362 alloquatur.
573 1271 741 1360 Denique,
758 1272 849 1337 inter
866 1270 943 1359 ipsa
963 1297 978 1330 «
1001 1270 1187 1338 novissima
1205 1268 1324 1351 verba,
1343 1296 1358 1331 »

239 1377 365 1445 Didoni
390 1380 550 1446 ultimum
576 1378 742 1444 solacium
765 1385 834 1462 est,
857 1376 950 1469 quod
980 1404 995 1438 «
1016 1398 1147 1467 poenas
1171 1376 1312 1443 inimico
1340 1398 1361 1442 a

238 1485 356 1569 fratre,
379 1486 453 1553 stlta
471 1485 597 1567 'cirtica
619 1487 800 1575 receperit.
830 1513 845 1547 u

282 1593 418 1683 Duplici
442 1593 549 1679 igitur
568 1591 671 1658 modo
690 1593 726 1658 in
743 1597 867 1683 quarto
886 1590 977 1658 libro
1002 1592 1130 1658 fatetur
1155 1596 1271 1681 poeta,
1295 1591 1362 1656 sihi

237 1699 316 1789 ipsi,
346 1700 405 1789 qui
431 1701 550 1766 fecerit
578 1705 779 1789 utrumque,
810 1700 963 1765 Aeneam
991 1697 1116 1764 Didoni
1142 1719 1263 1788 parem
1291 1718 1361 1762 non

239 1806 359 1873 videri.
378 1807 502 1874 Postea
516 1813 631 1874 autem
647 1806 740 1873 idem
761 1807 848 1872 illud
867 1828 969 1895 quam
990 1806 1190 1896 planissime
1210 1805 1245 1870 in
1266 1812 1362 1870 sexto

237 1912 328 1980 libro
349 1920 505 1997 testatur,
527 1913 666 2004 quando
686 1914 720 1979 in
740 1912 863 1978 Inferis
884 1913 1079 1982 conversari
1099 1934 1177 1979 cum
1203 1911 1362 1999 Sychaeo

239 2018 408 2087 Didonem
427 2020 538 2108 fingit,
562 2021 660 2109 cujus
679 2019 820 2110 quidem
840 2020 933 2086 solus

577 2225 674 2280 aequat
689 2217 836 2281 sychaeus
851 2226 980 2267 amorem
989 2214 1008 2262 ³.

270 2418 292 2468 1.
312 2419 424 2469 Ceterum
439 2433 453 2468 e
467 2418 509 2483 IV,
523 2419 570 2470 457
589 2434 641 2483 sqq.
658 2421 756 2470 videtur
771 2436 843 2485 posse
863 2420 960 2482 conjici,
979 2433 1102 2481 nunquam
1116 2417 1237 2466 Didonem
1255 2417 1362 2482 Sychaei

240 2493 378 2540 memoriam
391 2491 470 2541 colere
485 2492 610 2541 destitisse
627 2506 632 2540 :

517 2609 632 2651 Praeterea
643 2608 684 2651 luit
697 2609 719 2650 in
732 2610 795 2652 tectis
805 2610 831 2652 de
843 2621 952 2652 marmore
966 2609 1073 2663 templum

515 2670 616 2726 conjugis
627 2671 718 2725 antiqui,
731 2673 787 2714 miro
797 2674 854 2727 qnod
867 2673 949 2714 honore
963 2673 1059 2724 colebat,

516 2732 638 2775 velleribus
651 2734 726 2776 niveis
738 2741 759 2776 et
774 2734 828 2776 leste
838 2737 925 2786 froude
936 2735 1067 2777 revinctum.

238 2837 352 2886 Haesisse
364 2837 414 2899 jam
430 2838 475 2887 hoc
487 2838 512 2886 iu
526 2839 579 2887 loeo
595 2837 701 2888 Srnvruu
718 2841 797 2903 ipsum
812 2840 923 2889 videmus
940 2856 945 2888 :
963 2860 974 2885 α
992 2840 1018 2888 Si
1033 2840 1130 2888 amabat
1146 2839 1261 2898 Aeneam,
1278 2839 1364 2902 utique

237 2923 285 2956 non
303 2909 394 2958 coleret
408 2911 554 2958 exstinctum
568 2911 689 2962 maritum,
704 2931 716 2956 u
732 2911 768 2959 Ct.
784 2911 901 2970 lividius,
918 2912 1082 2975 Drlclr'truny,
1099 2925 1123 2973 p.
1140 2909 1185 2959 133
1200 2925 1254 2973 sqq.
1272 2911 1364 2973 Expla-

237 2980 377 3028 nandumne
391 2985 436 3040 est,
453 2981 522 3043 quasi
538 2981 570 3028 sit
592 2996 598 3028 2
618 3001 629 3026 a
645 2983 710 3045 quod
731 2987 801 3030 antea
822 2983 918 3031 colebat
935 2985 967 3031 »t
988 3003 1000 3027 (ι
1018 2981 1087 3030 Oder
1100 2981 1184 3030 cellen
1203 2981 1251 3030 wir
1265 2980 1365 3030 enneh-

237 3063 304 3108 men,
318 3049 383 3099 dese
394 3050 477 3109 Dido,
495 3055 562 3100 trote
578 3051 625 3100 der
639 3053 713 3103 Liebe
727 3068 759 3101 zu
774 3054 873 3101 Aerreus
891 3054 948 3102 acted
967 3057 1032 3102 troi:
1053 3053 1099 3101 der
1119 3067 1168 3100 non
1183 3056 1281 3100 servata
1300 3052 1364 3100 fides

237 3123 271 3182 (v.
287 3120 351 3184 552),
363 3121 429 3171 doch
445 3124 488 3171 die
500 3121 665 3171 Geurohnheit
678 3125 790 3187 conjugis
805 3125 919 3187 templum
935 3125 1015 3173 colere
1029 3124 1085 3172 und
1100 3125 1162 3172 festa
1176 3123 1262 3172 troude
1276 3124 1364 3172 revin-

238 3190 288 3240 cire
301 3191 449 3243 beibelriet?
465 3212 477 3237 »

269 3262 330 3310 Huic
347 3264 461 3326 equidem
478 3265 587 3326 opinioni
604 3265 708 3313 libenter
729 3264 867 3326 adsentiar;
891 3267 951 3314 satis
966 3266 1030 3313 enim
1045 3265 1108 3314 Dido
1123 3265 1246 3328 particeps
1262 3270 1301 3314 est
1315 3266 1363 3315 ad-

238 3331 343 3381 fectuum
358 3335 443 3382 horum
458 3337 499 3398 qui
514 3336 545 3384 ad
559 3337 696 3385 recentiora
716 3339 825 3398 tempora
839 3338 916 3399 magis
937 3337 1060 3399 pertinere
1079 3337 1204 3399 videntur,
1216 3342 1242 3384 ut
1257 3338 1365 3387 arbitre-

238 3417 291 3452 mur
305 3405 410 3453 animum
425 3408 478 3468 ejus
492 3407 570 3469 plura,
589 3407 627 3455 vel
642 3407 714 3469 plane
729 3408 861 3468 contraria,
879 3423 928 3456 uua
943 3409 1093 3457 contionisse
1109 3412 1132 3456 et
1147 3408 1302 3458 conciliasse.

272 3475 295 3524 2.
314 3474 383 3533 Quod
397 3479 505 3526 nutrices
520 3477 623 3526 Didonis
638 3482 662 3526 et
677 3477 780 3540 Sychaei
795 3478 821 3525 in
834 3479 999 3526 narrationem
1014 3493 1082 3527 suam
1097 3479 1213 3527 acciverit
1229 3478 1363 3543 Vergilius,

242 3561 316 3595 causa
329 3561 384 3595 esse
398 3552 479 3609 potest
493 3550 549 3611 quia
564 3551 589 3597 in
602 3551 711 3612 antiqua,
726 3550 795 3611 cujus
811 3563 927 3598 summam
942 3550 1108 3598 tantummodo
1124 3565 1167 3612 per
1181 3550 1303 3599 lustinum
1320 3551 1364 3600 ha-

242 3618 341 3677 bemus,
355 3619 385 3666 de
400 3619 495 3668 Didone
510 3621 573 3684 Tyro
592 3620 707 3682 fugimus
723 3620 813 3682 sabula,
829 3620 932 3669 Didonis
949 3622 1031 3668 nutrix
1046 3622 1141 3683 aliquas
1156 3626 1238 3684 partes
1253 3623 1363 3682 gerebat.

243 3688 344 3751 (lllama
360 3689 517 3753 Pygmaliona
532 3692 651 3740 sublatam
667 3692 741 3740 luisse
761 3691 863 3740 forsitan
878 3692 965 3752 conjici
981 3696 1080 3752 potest).

272 3758 297 3808 3.
314 3760 388 3817 Aen„
407 3760 446 3821 VI,
460 3761 514 3811 474.
530 3789 560 3798 -
576 3762 611 3813 Ci.
629 3763 715 3822 Simus,
733 3762 810 3820 Pan„
827 3761 952 3821 Vlll,1tti
970 3777 976 3810 2

496 3878 528 3920 Me
540 3889 627 3933 quoque
640 3878 686 3920 icrs
700 3877 759 3920 dulci
772 3876 884 3932 quondam
900 3877 934 3919 vir
950 3883 1016 3920 notus
1029 3890 1103 3921 amore

494 3945 614 3996 exspectat,
629 3952 694 3983 curas
707 3941 800 3995 cupiens
815 3950 916 3991 aequare
928 3941 1022 3994 priores.

242 4045 322 4095 Minus
337 4048 410 4108 bene,
426 4050 467 4094 aut
480 4047 564 4096 saltem
580 4047 658 4094 minus
673 4047 780 4110 Vergilio
795 4047 979 4111 convenienter,
995 4047 1104 4111 Ovinius,
1120 4048 1189 4108 Her„
1205 4049 1245 4098 Vll
1263 4064 1269 4100 ε

522 4225 550 4268 ad
564 4237 638 4281 quem,
651 4238 687 4269 mc
699 4227 822 4278 miseram,
833 4225 906 4279 plena
917 4162 1021 4280 {iiiiii
1033 4239 1065 4270 eo.

243 4333 329 4388 -Sic
343 4348 439 4398 quoque
453 4334 516 4383 viam
527 4333 650 4396 Vergilius
665 4335 764 4394 invenit,
781 4348 828 4397 qua
845 4333 935 4380 rediret
950 4333 980 4381 ad
992 4348 1074 4382 veram
1088 4335 1212 4384 historiam
1225 4336 1254 4385 de
1269 4337 1366 4387 Didone

243 4418 270 4453 se
286 4407 437 4465 iuterimeute
452 4411 477 4454 ut
492 4405 595 4471 Sychaei
613 4407 683 4454 tidem
701 4410 811 4455 servaret
824 4403 873 4466 (Ci.
893 4404 1000 4453 Snauuu
1014 4406 1040 4452 in
1055 4407 1129 4466 Aen,
1145 4407 1186 4468 IV,
1201 4407 1245 4469 363
1263 4409 1364 4470 Jusrm„
