2940 5076
553 399 650 448 aanor
676 399 825 447 rnariun.
1213 374 1260 441 75·

132 576 311 665 corporeis
329 573 504 642 illecebris
522 576 622 643 unice
642 577 827 666 subitoque
855 575 1017 657 allectae,
1043 571 1138 639 nulla
1164 572 1257 639 bona

132 682 358 766 conscientia,
390 682 486 750 nullo
506 682 641 773 pudore
669 683 879 765 refrenatae,
907 680 1009 749 obvio
1038 701 1113 747 sese
1138 676 1253 762 heroi,

131 790 264 857 nullam
282 789 502 880 probabilem
527 791 572 858 oh
602 813 742 858 causam
767 812 915 881 cumque
938 787 1101 856 indecora
1119 786 1257 854 testina-

132 896 237 981 tione,
252 898 343 965 ultro
362 897 570 966 offerentes?
590 898 729 968 Minime
748 900 865 986 igitur,
888 902 925 964 ut
943 897 991 962 ita
1010 895 1139 978 dicam,
1157 893 1256 984 peni-

131 1008 188 1070 tus
211 1004 443 1089 descendisse,
473 1007 614 1073 minime
642 1006 814 1075 radicatos
845 1026 919 1072 esse
951 1024 1071 1070 earum
1099 1001 1253 1084 affectus,

131 1110 231 1179 facile
253 1113 439 1197 sentimus;
461 1113 602 1180 minime
628 1135 711 1200 ergo
732 1135 790 1185 eas
814 1110 1002 1179 miserandi
1029 1131 1155 1199 operae
1174 1129 1256 1199 pre-

130 1219 219 1285 tium
238 1242 325 1287 esse.
349 1219 469 1311 Neque
490 1223 618 1309 magis,
639 1261 684 1271 —
701 1226 740 1288 ut
757 1220 904 1309 jamjam
924 1218 1190 1309 comperiemus,
1212 1257 1256 1266 -

131 1326 406 1396 misericordiam
425 1334 578 1396 nostram
595 1329 812 1399 desertarum
827 1326 1016 1394 earundem
1035 1325 1090 1391 vel
1112 1329 1254 1414 questus

130 1434 189 1500 vel
205 1435 278 1502 irae
298 1437 465 1503 alliciunt.
479 1436 649 1504 Didonem
670 1439 899 1526 contra‚-quot
919 1439 953 1501 et
976 1454 1081 1523 quam
1096 1431 1254 1501 felicibus

131 1541 283 1609 artificiis
311 1549 414 1634 poeta
439 1544 700 1631 significaverit,
730 1545 850 1610 insano
880 1546 913 1608 et
940 1543 1109 1607 immenso
1137 1560 1255 1605 amore

129 1647 236 1718 fuisse
274 1656 427 1741 captam,
464 1651 630 1736 vidimus,
663 1673 886 1740 amoremque
921 1650 1026 1715 istum
1058 1647 1148 1713 vitae
1179 1645 1255 1732 ejus

131 1758 353 1825 commixtum
374 1759 461 1826 adeo
481 1759 674 1826 coalescere
702 1758 817 1828 statim
836 1756 1081 1843 intellegimus,
1103 1758 1142 1819 ut
1158 1753 1254 1820 illam

129 1886 173 1930 eo
187 1864 334 1956 decepto
353 1887 421 1932 non
442 1866 531 1934 mori
549 1890 618 1933 non
643 1867 765 1956 possit.

175 1970 237 2038 Illa
256 1977 372 2040 autem
396 1996 500 2041 causa
528 1980 580 2044 est
609 1996 670 2041 cur
697 1971 816 2040 Jasoni
843 1978 878 2038 et
904 1971 1038 2041 Theseo
1066 1967 1253 2035 Ariadnam

128 2077 357 2171 Medeamque
382 2081 649 2172 relinquentibns'
676 2082 816 2148 minime
853 2079 1085 2165 indignemur,
1115 2076 1254 2143 Aeneae

127 2209 213 2254 vcro
236 2185 406 2255 Didonem
428 2187 589 2280 prodenti
614 2210 653 2254 ac
674 2186 841 2255 deserenti
861 2205 1150 2266 succenseamus3
1172 2183 1254 2272 quia

127 2316 255 2385 nempe
274 2295 325 2362 illi
344 2317 468 2386 parum
492 2295 633 2386 quidem
654 2299 825 2378 amantes,
846 2314 970 2385 parum
990 2297 1024 2358 et
1046 2291 1114 2381 ipsi
1132 2310 1253 2357 rursus

129 2403 254 2469 amati¹
282 2403 382 2474 nohis
409 2402 583 2488 videntur,
610 2402 747 2469 Aeneae
771 2424 855 2468 vero
879 2398 1048 2467 Didonem
1078 2403 1112 2464 et
1137 2399 1252 2465 animo

128 2512 165 2576 et
182 2531 327 2601 corpore
346 2516 453 2579 totam
469 2511 564 2578 esse²
583 2510 682 2578 facile
703 2514 859 2601 apparet.

176 2617 409 2700 Quamobrem
432 2621 586 2686 Aeneam
611 2618 717 2684 alium
736 2617 842 2684 fuisse
870 2615 956 2682 nihil
974 2614 1139 2705 estquod
1157 2619 1253 2704 opte-

127 2745 229 2809 mus;
255 2725 345 2825 illud
374 2726 514 2794 demum
544 2724 813 2792 desiderandum
846 2729 897 2794 est
931 2722 1025 2813 quod
1055 2721 1182 2789 Didoni
1209 2722 1252 2788 sit

126 2833 282 2923 propior.
305 2833 382 2900 Non
401 2834 475 2924 ipse
496 2833 563 2901 sihi
581 2832 729 2916 Aeneas,
752 2831 813 2899 sed
836 2830 925 2897 Dido
947 2831 1085 2897 Aeneae
1114 2831 1248 2896 nocet⁸.

127 3098 134 3110 ,
157 3026 184 3147 i'
202 3026 253 3161 )Cur
267 3027 354 3078 Medea
371 3027 485 3079 iasonem
507 3034 590 3082 secata
611 3031 653 3092 sil,
673 3031 786 3094 ignorare
812 3045 838 3080 se
860 3029 1006 3093 Apollonius
1029 3029 1117 3078 latetur
1134 3028 1186 3090 ipse
1200 3025 1251 3092 (IV,

126 3113 163 3149 1111
176 3113 199 3147 ιο
230 3113 237 3150 τ

819 3170 902 3249 ἧγὰρ
920 3182 1003 3247 ἔμοιγε

379 3248 490 3327 ἀμφασίῃ
513 3258 569 3314 νόος
589 3255 658 3307 ἔνδον
675 3253 972 3323 ἑλίσσεταικὸρμαίνοντι,

377 3325 394 3389 ἢ
410 3326 466 3390 ἔμεν
485 3325 544 3389 ἄτης
559 3330 631 3390 πῆμα
647 3323 821 3389 testamenii
838 3329 904 3393 τόγ’
920 3323 1014 3378 ἐνίσπω

376 3396 451 3460 φύζαν
465 3391 624 3473 &sanctiani
639 3397 757 3449 κάλλιπεν
773 3398 842 3449 ἔθνεα
857 3397 975 3463 Κόλχων.

158 3534 183 3588 2.
202 3535 223 3586 J.
240 3535 333 3595 Hrnar,
344 3536 486 3596 Aeneidea,
503 3538 521 3597 1,
536 3537 583 3587 635
597 3553 603 3587 :
619 3558 631 3584 a
645 3539 743 3590 Dido...
755 3554 765 3587 .·
770 3539 887 3604 perhaps
899 3537 940 3588 tlte
952 3547 1020 3588 most
1029 3540 1131 3603 perfect
1140 3536 1252 3589 embadi·

125 3609 199 3656 ment
213 3607 245 3670 of
257 3606 300 3656 ilie
311 3606 496 3658 disinteresied
513 3609 577 3659 love.
595 3628 608 3653 ν

157 3676 181 3725 3.
200 3677 235 3726 De
250 3678 297 3740 hoc
310 3678 367 3728 vide
382 3679 533 3742 ingeniosam
548 3681 745 3731 dissertationem
759 3696 831 3746 quam
854 3697 912 3732 suae
932 3682 1035 3748 Vergilii
1053 3680 1154 3730 editioni
1177 3694 1251 3743 prae-

126 3749 181 3797 fixit
194 3748 330 3798 Coumuron
355 3766 361 3800 :
387 3771 399 3796 a
462 3752 570 3815 Asiory
590 3753 622 3816 of
635 3751 679 3801 tte
700 3753 787 3804 heroic
808 3756 871 3804 time
885 3756 917 3818 os
932 3754 1034 3813 Greece,
1050 3752 1152 3802 treated
1172 3754 1250 3801 inan

126 3820 279 3884 essentially
296 3823 404 3872 modern
426 3826 515 3887 spirit,
535 3839 590 3874 was
608 3839 669 3873 sare
684 3828 709 3874 to
725 3826 796 3876 lenae
811 3842 827 3876 a
845 3842 920 3876 sense
934 3829 966 3891 ol
978 3826 1146 3891 incanyraity
1160 3839 1193 3874 on
1207 3827 1251 3874 the

125 3891 210 3951 mina,
225 3896 272 3941 not
286 3895 349 3957 only
363 3896 396 3959 of
408 3910 425 3944 a
443 3895 554 3945 lienteria
570 3897 688 3955 student,
705 3897 751 3947 ont
775 3901 836 3962 ofn
858 3914 929 3948 more
942 3897 1058 3962 popular
1076 3897 1197 3947 render...
1213 3897 1251 3945 lle

125 3962 204 4014 could
217 3963 334 4029 scarcely
347 3966 401 4029 fail
417 3970 442 4016 to
464 3967 492 4016 bc
508 3968 600 4017 struck
620 3968 684 4017 with
704 3971 882 4020 coessentia!
900 3974 971 4020 ruant
989 3971 1021 4034 of
1038 3970 1198 4031 consistency
1222 3969 1250 4017 in

127 4034 171 4084 tte
185 4035 306 4102 drawiny
318 4038 351 4100 os
359 4038 403 4086 iiie
416 4038 548 4102 principat
562 4040 668 4105 fiyares,
683 4040 765 4090 which
780 4041 855 4107 beiny
870 4043 995 4101 ternario,
1010 4044 1080 4090 nansi
1094 4038 1251 4103 necessarily

125 4105 156 4156 be
170 4105 287 4166 oldarici
300 4108 376 4174 berny
391 4109 520 4175 Viryilian
535 4115 603 4160 mast
618 4126 648 4160 as
663 4113 819 4176 necessarily
833 4114 862 4163 ire
877 4129 940 4165 neco.
957 4115 982 4162 lt
994 4115 1027 4172 is,
1042 4112 1149 4170 lihinlc,
1166 4110 1251 4160 wliicli

125 4178 282 4228 constitutas
297 4179 340 4229 the
355 4184 439 4229 secret
453 4183 485 4244 of
498 4181 542 4231 tlte
556 4182 765 4246 dissaiisfactian
779 4184 861 4234 nliicli
879 4187 903 4235 is
916 4184 1051 4250 yenerally
1065 4183 1114 4249 felt
1129 4182 1192 4232 witti
1206 4182 1251 4232 ida

124 4248 263 4299 character
277 4252 309 4314 os
320 4253 429 4300 Aeneas.
439 4270 452 4297 a
468 4253 495 4303 T.
506 4253 660 4314 ll,'lntrod.,
671 4269 696 4318 p.
711 4254 748 4305 11.
759 4281 791 4291 -
805 4255 898 4314 Quibus
912 4273 957 4321 ego
973 4257 1185 4307 observationibus
1201 4269 1250 4303 ma-

124 4335 197 4383 gnam
211 4322 321 4371 veritatis
336 4328 427 4386 partem
442 4325 525 4373 inesse
538 4326 660 4386 arbitror3
676 4340 723 4373 non
744 4328 842 4376 omnino
858 4333 935 4377 tamen
952 4330 1056 4391 placent.
1077 4329 1174 4376 Aeneas
1191 4326 1250 4374 mihi

125 4392 223 4441 videtur
250 4394 367 4443 molestus
394 4409 458 4454 esse,
482 4396 540 4458 quic
560 4400 626 4444 totus
646 4414 657 4441 a
678 4396 723 4446 old
745 4416 767 4456 a,
792 4399 844 4448 sive
871 4399 1018 4450 homericus
1039 4403 1084 4458 est,
1107 4398 1171 4446 Dido
1192 4411 1250 4445 vero

124 4476 191 4512 mere
208 4482 220 4508 (ι
235 4478 290 4513 new
304 4483 315 4509 ν
337 4471 361 4515 et
375 4464 530 4531 ceryiliana.
546 4467 644 4515 Rectius
659 4469 722 4518 inira
738 4471 773 4532 (p.
791 4470 829 4535 13)
846 4472 983 4521 Conmaros
1005 4486 1011 4520 :
1034 4491 1046 4516 «
1064 4469 1145 4519 Otlier
1160 4469 1250 4518 heroes
