2940 5076
601 719 745 790 CAPUT
780 719 961 789 SEXTUM

681 943 729 1010 Du
751 941 887 1010 lemn

269 1439 344 1504 Non
355 1438 462 1504 ullam
473 1438 584 1503 fateor
594 1439 630 1503 in
641 1438 712 1502 ullo
723 1442 881 1526 poemate
894 1436 1038 1526 reperiri
1049 1457 1150 1525 posse
1161 1457 1349 1525 personam

225 1568 313 1635 quae
351 1546 460 1631 magis
495 1545 585 1612 iners
624 1567 727 1634 quarn
758 1543 898 1610 Lavinia
929 1545 987 1626 sit,
1019 1543 1174 1632 adeoque
1203 1543 1351 1633 paulum

224 1653 337 1719 valeat
355 1653 389 1717 in
410 1651 612 1738 dirigendis,
634 1652 689 1716 vel
708 1652 811 1717 etiam
830 1651 1185 1741 quantulumcumque
1205 1649 1352 1716 flecten-

226 1758 290 1842 dis,
312 1759 416 1824 rebus
434 1758 560 1848 quibus
579 1759 732 1824 immixta
750 1763 918 1823 versatur.
1240 1754 1245 1763 '

272 1865 373 1948 Quod
404 1865 544 1955 quidem
569 1870 607 1930 ut
630 1866 712 1931 vitio
734 1865 957 1931 vertendum¹
988 1886 1062 1930 esse
1086 1863 1243 1950 Vergilio
1269 1886 1353 1931 cen·

227 1996 333 2056 seam,
371 1973 561 2063 plurimum
603 1972 713 2039 abest.
748 1972 824 2038 Non
861 1973 953 2037 enirn
990 1971 1091 2037 video
1130 1970 1215 2061 quid
1241 1994 1352 2057 agere

227 2080 371 2147 Lavinia
403 2080 513 2170 possit
542 2079 635 2169 qnod
664 2079 775 2165 magis
804 2078 974 2168 expediat.
1007 2077 1209 2168 Oportuitne
1238 2079 1349 2161 illam,

228 2187 394 2255 Camillae
415 2187 599 2269 aemulam,
621 2186 777 2252 bellare?
795 2186 850 2252 An
868 2186 1012 2252 Amatae
1032 2187 1204 2252 consciam
1223 2186 1353 2255 irasci?

227 2295 363 2364 Etenim
383 2295 426 2361 ad
450 2294 518 2360 tale
543 2293 709 2383 quiddam
735 2293 865 2383 impelli
889 2298 1024 2382 poterat
1047 2299 1149 2382 poeta
1177 2294 1204 2359 si
1230 2316 1248 2359 e
1275 2295 1354 2382 qui-

227 2402 376 2470 busdam
399 2390 600 2468 Latinorum
624 2400 751 2466 fabulis
775 2400 956 2466 consilium
980 2400 1141 2489 cepisset,
1162 2400 1223 2466 uhi
1242 2400 1353 2466 multo

228 2510 438 2600 asperiorem
460 2515 492 2574 et
509 2508 677 2573 acriorem
703 2529 885 2596 personam
905 2506 1049 2573 Lavinia
1076 2506 1221 2592 gerebat
1246 2511 1353 2596 atque

228 2616 387 2683 nonnihil
430 2614 583 2681 hahebat
622 2614 718 2680 virile
735 2614 758 2680 ².
796 2613 841 2680 Et
877 2606 959 2680 sane
1004 2611 1092 2679 nihil
1130 2618 1223 2679 vetat
1268 2614 1355 2703 quin

260 2843 282 2892 1.
295 2842 435 2906 Quanquam
445 2843 570 2892 nonnullis
579 2843 671 2891 criticis
682 2842 797 2891 Laviniae
808 2841 961 2905 Vergilianae
972 2842 1062 2892 inertia
1072 2845 1169 2893 minime
1181 2844 1353 2909 plaeetvide,

227 2916 290 2964 inter
305 2919 408 2977 ceteros,
419 2914 538 2963 Vocrnnu
553 2915 671 2978 (Stanees
684 2929 731 2962 sur
746 2913 783 2962 tes
795 2915 883 2978 poetes
898 2915 1013 2978 epiqaes,
1033 2915 1102 2973 11311
1119 2931 1124 2965 :
1140 2923 1172 2976 <
1182 2915 1316 2983 Virqtle>

721 3049 819 3102 s'epuise
833 3060 887 3090 avec
898 3049 979 3091 Didon

641 3113 668 3155 Et
678 3115 729 3153 rate
743 3111 758 3153 d
773 3113 796 3154 to
807 3112 842 3164 ttn
853 3112 960 3153 Lavinia

261 3239 296 3288 Cf.
315 3237 443 3299 Candide,
458 3237 499 3286 ch.
517 3252 573 3295 xxv,
591 3241 614 3285 et
627 3237 704 3285 Esset
719 3251 767 3286 sur
778 3234 806 3285 ln
820 3237 906 3285 Poesie
921 3238 1013 3302 epique
1027 3239 1102 3300 (intra
1115 3239 1234 3301 citatum).

261 3312 294 3360 m
311 3311 400 3368 111111,
418 3309 499 3358 Cozers
513 3308 546 3357 de
560 3309 665 3366 litter,
683 3306 700 3357 1.
719 3309 737 3368 l,
753 3309 794 3357 cla.
811 3323 844 3367 iv,
855 3311 917 3359 sert.
935 3309 951 3357 2
967 3324 972 3357 :
989 3328 1001 3353 «
1019 3311 1071 3359 Une
1083 3310 1188 3359 Lavinio
1203 3311 1269 3360 dont
1284 3311 1303 3360 11
1317 3315 1356 3362 est

229 3383 331 3446 dpeine
346 3381 475 3446 question,
487 3394 652 3444 personnnqe
665 3380 708 3428 nul
725 3384 749 3428 et
763 3383 837 3440 muet,
853 3381 966 3445 quoique
981 3396 1009 3430 ce
1023 3381 1072 3430 solt
1085 3397 1153 3446 pour
1167 3380 1215 3432 elle
1235 3397 1286 3447 que
1303 3383 1355 3433 l'on

229 3454 367 3506 combutta
384 3473 397 3497 »

262 3527 377 3583 Pronnou,
397 3525 433 3573 La
458 3522 518 3586 Glef
535 3521 567 3571 de
592 3521 698 3587 Virqile,
718 3526 735 3569 t.
759 3523 788 3581 ll,
806 3537 830 3584 p.
850 3521 887 3572 9:
907 3541 918 3567 «
941 3523 1037 3584 Qn'elle
1057 3527 1095 3573 est
1112 3523 1183 3588 pate,
1203 3523 1297 3588 qn'elle
1315 3531 1355 3576 est

229 3597 312 3663 foible
329 3599 354 3645 et
367 3611 418 3659 pen
432 3595 545 3654 vivente,
560 3596 628 3643 cette
640 3594 746 3642 Lorim'e
761 3594 875 3643 destine'e
887 3609 941 3658 par
956 3596 992 3644 tes
1007 3596 1087 3644 diens
1101 3595 1232 3645 ddevenir
1242 3596 1355 3662 l’e'pozne

231 3667 343 3719 d'ttne'e!
358 3666 489 3717 Pent-etre
503 3665 636 3714 dira-ton
651 3680 700 3730 qne
717 3665 740 3714 le
751 3667 827 3729 poete
846 3681 863 3715 α
878 3666 957 3715 voerta
972 3669 1084 3716 assertis·
1104 3667 1305 3733 l¹insiqnifiunoe
1322 3669 1355 3720 de

230 3740 300 3790 l’nne
315 3743 331 3788 rt
344 3737 371 3788 ln
384 3737 507 3802 froideur
521 3737 552 3786 de
567 3736 714 3788 t’autre.....
731 3757 743 3780 »

261 3813 284 3862 2.
301 3811 364 3859 Illud
387 3810 446 3857 mihi
473 3809 571 3857 videtur
596 3810 683 3871 conjici
715 3824 788 3871 posse
817 3825 822 3857 :
848 3809 874 3857 1⁰
903 3824 933 3858 ex
957 3811 1056 3859 Annum
1079 3810 1190 3860 Vrcroms
1214 3813 1355 3862 narratione

231 3882 403 3947 (editarum,
420 3880 489 3943 1733,
506 3895 534 3953 p,
552 3879 632 3939 afr-25)
650 3895 722 3943 quam
741 3881 837 3943 quidem
858 3882 911 3944 ipse
937 3882 1025 3931 eCaio
1046 3882 1158 3942 Caesare,
1175 3882 1248 3933 Sexto
1274 3883 1354 3934 Gellio

231 3955 335 4017 aliisque
348 3952 459 4001 haustam
477 3950 592 4019 de'q'larat.
610 3953 669 4000 Post
683 3951 780 4000 Aeneae
796 3957 896 4001 mortem
912 3953 1012 4001 Lavinia
1031 3955 1056 4001 in
1076 3954 1150 4002 silvas
1169 3954 1272 4015 gravida
1290 3970 1354 4004 con-

230 4028 314 4090 fugere
336 4024 375 4086 (cl.
398 4023 461 4074 Aen.
481 4022 522 4085 Vl,
548 4022 593 4071 161
614 4022 678 4085 sqq.)
702 4037 750 4071 non
775 4024 880 4082 dubitat,
902 4024 1034 4072 Ascanium
1056 4026 1152 4084 timens,
1179 4026 1262 4088 ibique
1284 4025 1353 4079 latet.

230 4098 377 4160 llagnopere
399 4109 456 4142 vero
473 4109 486 4142 a
506 4094 595 4157 populo
617 4094 707 4143 dilecta
725 4094 919 4148 desiderabatur.
936 4099 960 4142 rt
980 4114 991 4138 «
1013 4094 1102 4158 vulgus
1120 4096 1240 4155 Latinum,
1265 4098 1354 4146 existi-

230 4183 298 4216 mans
315 4167 376 4214 clam
391 4166 422 4213 ab
436 4165 542 4213 Ascanio
562 4166 722 4224 interfectam,
738 4180 848 4228 magnam
869 4167 889 4212 ri
911 4166 1027 4213 invidiam
1052 4167 1209 4226 conflaverat,
1225 4182 1302 4231 usque
1324 4184 1353 4219 eo

130 4278 134 4285 .
230 4246 256 4288 ut
271 4239 344 4287 armis
359 4251 455 4300 quoque
475 4237 495 4283 ei
516 4236 564 4283 vim
585 4236 746 4284 denuntiaret.
765 4236 871 4298 »1Petiit
891 4237 930 4284 ille
948 4237 1087 4286 dilationem
1110 4243 1136 4287 ut
1155 4238 1232 4301 patris
1252 4254 1353 4289 uxorem

231 4310 396 4372 investigaret,
420 4308 591 4369 inventamque
607 4327 617 4350 1
633 4307 719 4354 dilexit
733 4307 1027 4369 honoremate1·no,quae
1043 4322 1081 4356 res
1092 4323 1187 4357 rursum
1201 4308 1224 4357 ei
1239 4324 1354 4374 magnum

232 4382 338 4432 favorem
352 4377 499 4428 conciliavit.
523 4397 534 4422 ›>
549 4405 578 4415 -
593 4378 621 4430 2⁰
639 4378 773 4429 Dissimilia
787 4383 871 4429 narrat
886 4379 968 4429 Lrvms
981 4379 1010 4444 (I,
1028 4381 1081 4444 un),
1099 4382 1141 4430 sed
1157 4394 1219 4445 quae
1233 4385 1353 4432 testentur
