2940 5076
604 391 702 436 carui
726 391 859 436 rniuuu.
1250 370 1290 434 17

173 567 426 654 Ambigebatur
444 567 531 633 illud
549 589 688 658 quoque
706 569 796 635 inter
810 572 956 648 veteres,
973 571 1101 647 utrum,
1119 589 1139 633 a
1158 566 1292 633 Theseo

173 681 358 765 postquam
381 673 502 739 fuisset
525 673 706 756 derelicta,
734 679 992 764 praematuram
1014 678 1162 740 mortem
1187 674 1291 764 paulo

173 785 253 871 post
273 779 356 870 (sive
376 780 525 847 alliano
545 782 673 864 occisa,
697 783 767 849 sive
787 781 981 848 voluntaria
1001 779 1122 870 morte)
1151 780 1293 846 obiisset

175 912 217 955 an
246 893 381 972 eontra,
411 893 602 979 superstes,
635 889 776 977 Dionysi
802 890 892 956 facta
919 889 1040 957 fuisset
1069 888 1125 954 vel
1153 887 1295 974 Dionysi
1393 880 1397 891 ¹

174 996 355 1083 eujusdam
379 996 566 1066 sacerdotis
590 1018 686 1079 uxor,
713 1020 754 1063 ex
779 1019 927 1087 quorum
954 997 1119 1062 alterutro
1143 996 1291 1077 liberoS,

174 1111 208 1172 et
226 1104 303 1173 illos
322 1103 505 1195 plurimoS,
528 1105 732 1194 peperisset.
1140 1098 1143 1105 ’

217 1211 300 1278 Inde
319 1211 394 1278 fieri
416 1211 536 1279 debuit
555 1217 593 1277 ut
611 1213 705 1278 varia
729 1234 867 1301 quoque
892 1211 1142 1299 multiplicique
1162 1211 1293 1276 ratione

174 1327 208 1386 et
233 1321 403 1386 incertum
429 1321 466 1386 in
496 1319 637 1386 modum
669 1319 901 1385 delinearetur
931 1342 950 1385 a
983 1319 1093 1408 poetis
1126 1317 1289 1384 Ariadna.

171 1428 293 1517 Neque
323 1427 426 1511 illius,
452 1432 617 1518 tanquam
641 1426 916 1509 Andromachae,
939 1431 1097 1495 constans
1122 1425 1293 1515 quaedam

173 1536 266 1602 stetit
298 1558 337 1601 ac
365 1557 502 1626 semper
530 1535 584 1602 sui
618 1535 738 1601 similis
766 1536 902 1622 imago,
939 1557 1044 1624 quam
1073 1541 1196 1625 poetae
1224 1555 1292 1599 non

172 1649 397 1725 commutare,
429 1643 496 1709 nisi
523 1642 712 1724 tantillum,
743 1642 922 1722 auderent,
956 1641 1017 1710 sed
1046 1663 1087 1707 ea
1115 1663 1219 1730 quam
1248 1639 1292 1706 ad

170 1750 309 1816 libitum
328 1750 578 1840 uuusquisque,
600 1754 704 1839 prout
729 1751 864 1816 animus
879 1750 1030 1830 ferebat,
1053 1749 1289 1814 informaret¹.
1323 1792 1326 1797 -

218 1858 305 1924 Tum
337 1880 419 1923 vero
453 1880 493 1923 ex
525 1857 639 1924 adhuc
668 1859 811 1924 servatis
842 1859 996 1947 picturae
1027 1857 1292 1946 sculpturaeque

173 1965 430 2033 monumentis²
451 1965 653 2049 ostenditur,
677 1987 753 2032 eam
777 1988 796 2031 a
820 1967 930 2055 poetis
956 1987 1110 2055 quoque,
1132 2002 1176 2012 -
1202 1962 1293 2052 (nam

174 2079 297 2165 poetae
317 2072 506 2139 artificibus
526 2078 730 2159 argumenta
749 2073 991 2162 praebebant),
1014 2072 1293 2162 —potissimum

173 2182 279 2248 fuisse
298 2185 479 2247 tractatam
498 2180 692 2246 Ariadneae
712 2180 849 2247 fabulae
869 2186 1004 2271 partem
1025 2203 1094 2270 qua
1121 2178 1293 2248 Cretensis

174 2287 328 2355 heroidis
348 2287 503 2354 divinum
524 2287 725 2374 conjugium
751 2292 783 2353 et
803 2289 949 2376 mystica
971 2288 1005 2352 in
1028 2286 1201 2377 Superum
1229 2307 1294 2351 nu-

176 2418 310 2464 merum
326 2395 424 2485 quasi
442 2395 632 2484 assumptio
647 2394 916 2461 celebraretur³.
937 2394 1030 2460 Duas
1048 2394 1154 2460 fuisse
1169 2390 1293 2459 Ariad-

176 2527 255 2582 nas,
288 2505 317 2572 si
347 2502 532 2569 Plutarcho
559 2503 762 2586 credideris,
790 2525 810 2568 a
837 2503 1011 2569 nonnullis
1036 2501 1296 2568 existimabatur

176 2612 266 2678 inter
294 2611 442 2678 Graecos
467 2611 643 2701 scriptoris
667 2612 765 2678 istius
788 2610 951 2701 aequales
974 2632 981 2679 :
1008 2610 1064 2675 vel
1088 2611 1202 2699 potius
1227 2609 1296 2675 duo

176 2719 316 2785 fuerunt
334 2717 506 2784 Ariadnae
527 2718 658 2801 vultus,
680 2718 786 2786 tristis
805 2718 862 2784 hic
882 2722 916 2783 et
934 2738 1160 2784 aerumnosus
1185 2720 1218 2782 et
1235 2717 1299 2782 hu-

178 2847 313 2909 manus
337 2825 473 2892 divinus
492 2826 552 2892 ille
567 2826 577 2860 ⁴
595 2825 807 2915 festivusque
828 2826 914 2891 etin
934 2848 1003 2915 quo
1023 2824 1152 2891 erotica
1170 2823 1300 2890 laetitia

179 2934 278 3023 quasi
305 2933 492 3001 renideret.
533 2932 637 3021 Cujus
670 2939 786 3001 autem
813 2933 972 3001 bifrontis
1002 2932 1176 3000 Ariadnae
1209 2932 1299 2998 hanc
1397 2978 1402 2986 ·

179 3044 422 3132 potiusquam
446 3041 542 3108 illam
570 3063 704 3113 amasse
735 3046 869 3108 veteres
894 3045 1015 3131 poetas
1043 3046 1077 3106 et
1102 3039 1298 3129 depinxisse

181 3370 229 3434 dicor
248 3375 308 3422 θεῶν
333 3366 482 3436 ἀντεραστής
499 3390 546 3428 μου
562 3375 693 3436 γενόμενος
710 3371 868 3436 Καλλιρρόην
891 3367 1030 3437 ἁπενήνοχε
1044 3373 1089 3423 καὶ
1110 3375 1152 3422 νῦν
1172 3371 1223 3435 ἔχει
1246 3371 1301 3433 μεθ’

180 3440 257 3494 αὐτοῦ
275 3443 308 3507 μὴ
327 3443 477 3495 θέλουσαν...
494 3441 569 3493 Οὕτω
589 3444 633 3493 καὶ
650 3443 755 3505 Θησέως
779 3441 912 3507 Ἀρίαδνην
932 3441 1043 3508 &pellere
1063 3447 1212 3501 Διόνυσος...
1231 3461 1242 3485 ν
1262 3441 1299 3490 Cl.

180 3515 251 3574 lanu,
267 3530 307 3578 op.
322 3515 374 3574 cit,
387 3530 413 3577 p.
428 3514 475 3563 276
489 3529 542 3577 sqq.

214 3587 236 3637 1.
255 3587 353 3635 Etiamsi
374 3587 523 3635 recentiores
542 3591 628 3649 poetae
648 3587 679 3635 ab
700 3586 830 3648 Apollonio
850 3602 927 3650 usque
949 3587 981 3635 ad
1003 3585 1118 3635 Ovidium
1137 3585 1269 3634 Ariadnam
1288 3599 1303 3634 a

181 3657 275 3706 Theseo
297 3658 358 3706 male
382 3657 502 3719 proditam
528 3657 620 3720 fingere
641 3658 723 3720 potius
746 3657 898 3717 habuerunt,
921 3672 971 3706 non
992 3658 1050 3706 inde
1074 3658 1184 3720 sequitur
1206 3657 1302 3719 priores

181 3743 276 3793 quoque
295 3730 394 3792 saepius
416 3728 479 3776 banc
498 3729 585 3777 lamam
609 3733 706 3778 secutos
726 3729 812 3778 tuisse.
843 3729 881 3779 Gl.
909 3729 1030 3778 Homerici
1053 3728 1203 3778 Scholiastae
1222 3728 1302 3777 locum

181 3815 255 3864 supra
269 3802 368 3849 citatum
380 3801 411 3848 de
425 3800 550 3864 νεωτέρων
569 3801 692 3862 opinione.

212 3872 235 3921 2.
255 3871 291 3920 Cl.
312 3871 340 3921 Ο.
363 3871 437 3930 lius,
461 3869 586 3919 Arcddol.
611 3873 746 3936 Bettrdqe,
768 3889 792 3936 p.
819 3872 939 3933 255-2565
960 3872 1082 3933 rabaam
1103 3871 1212 3921 all-275
1231 3886 1300 3934 sqq,

181 3943 225 3994 281
242 3958 296 4006 sqq.

211 4014 235 4065 3.
254 4034 266 4060 «ι
284 4014 337 4063 Eia
350 4014 436 4080 pleich
453 4012 574 4064 belicbtcr
590 4016 756 4080 Geyeastand
773 4019 822 4080 ων
835 4018 877 4066 die
893 4017 1016 4068 bildeade
1037 4019 1122 4066 Kunst
1136 4018 1183 4066 wie
1196 4017 1243 4079 fiir
1260 4014 1302 4064 die

179 4087 266 4151 poesie
279 4087 325 4135 der
337 4091 452 4149 spateren
468 4085 518 4134 Zeit
532 4101 586 4136 war
601 4086 643 4136 die
653 4089 802 4150 aquuxos
813 4103 862 4138 von
874 4089 985 4140 Theseus
995 4089 1141 4140 verlasscae
1151 4086 1275 4137 Ariadne.
1289 4105 1301 4131 ν

181 4159 261 4221 Atque
280 4157 471 4221 inimaginibus
494 4156 544 4205 illis
567 4178 579 4202 a
598 4160 641 4208 die
666 4160 840 4225 Vereiaiqunp
861 4162 907 4209 der
929 4162 1090 4211 truncandae
1112 4160 1231 4209 Ariadne
1254 4158 1303 4206 mit

183 4231 308 4294 Dionysos
321 4227 485 4295 qescbicht...
500 4230 671 4293 pewdltalicb.
689 4250 700 4274 ν
723 4231 807 4292 Srocr,
824 4233 876 4280 loco
894 4234 976 4284 citato.
993 4233 1029 4282 Ct.
1048 4234 1196 4289 Prasiana,
1215 4230 1233 4289 1,
1251 4228 1300 4289 2ος

183 4301 372 4361 Puiuosruiruu,
385 4297 502 4360 Εἱκόνες;
519 4301 601 4361 Bmcu,
618 4318 657 4365 op.
674 4303 726 4360 cit,
742 4317 767 4365 p.
779 4303 839 4363 225,
857 4303 912 4366 238,
927 4304 986 4365 240;
1003 4304 1110 4354 Casurus
1123 4307 1147 4352 et
1161 4302 1300 4362 Gurouuur,

183 4389 223 4437 op.
240 4387 314 4436 supra
330 4372 412 4424 citato.

215 4443 237 4493 l.
256 4444 291 4493 De
306 4459 353 4508 quo
367 4460 391 4494 v.
408 4444 516 4494 Gunuzm
527 4448 551 4493 et
565 4443 702 4506 Gurouraur,
721 4445 749 4495 0.
767 4446 874 4507 Mirum,
891 4445 974 4507 Srocn,
990 4448 1031 4496 ubi
1046 4461 1129 4510 supra.
