2940 5076
264 327 328 392 152
675 349 752 395 rans
776 350 959 396 rosrsnron.

260 523 422 589 maritum
441 523 615 612 acciperet
641 523 832 613 Lavinia¹t
853 525 928 612 Ego
958 523 1073 614 potius
1103 525 1260 613 suspicor
1284 525 1379 592 illum

260 628 317 695 hic
335 629 519 696 indulsisse
540 631 660 697 solitae
691 653 773 698 suae
797 633 832 698 in
860 630 1057 718 effingenda
1087 630 1238 717 imagine
1269 633 1383 701 unius·

261 735 429 826 cujusque
464 735 698 804 adhibiturum
726 760 953 827 personarum
977 736 1183 819 industriae,
1204 739 1261 804 vel
1279 740 1384 807 etiam

259 844 433 913 interdum
465 867 542 911 cum
571 844 723 935 quodam
751 845 866 914 herois
900 847 951 913 sai
979 844 1197 912 detrimento.
1229 846 1303 913 Hoc
1332 853 1385 914 est

261 953 352 1018 enim
390 953 476 1018 mire
513 974 706 1039 congruum
745 953 850 1019 indoli
887 976 928 1019 ac
965 952 1159 1019 condicioni
1195 952 1381 1036 Laviniae,

260 1059 380 1148 quales
402 1064 584 1149 utramque
602 1065 703 1127 antee
718 1060 867 1147 subjecit
879 1060 986 1127 oculis
1008 1061 1133 1130 nostris
1154 1067 1268 1151 poeta,
1288 1062 1385 1150 quod

260 1189 281 1232 a
299 1166 415 1233 Turno
439 1168 570 1257 potius,
598 1168 661 1234 etsi
686 1167 776 1233 cladi
798 1170 968 1258 mortique
997 1172 1191 1234 reservatus
1222 1169 1282 1250 sit,
1314 1191 1384 1235 non

261 1274 390 1342 alienos
419 1274 546 1340 habeat
578 1275 725 1357 animm,
756 1297 869 1365 neque
902 1297 1020 1343 rursus
1049 1273 1180 1340 nubere
1210 1276 1328 1365 cupiat
1354 1276 1386 1342 ei

261 1381 316 1447 cui
335 1381 377 1447 de
396 1382 457 1448 fati
476 1382 679 1448 necessitate
699 1387 850 1471 nuptura
870 1383 923 1448 sit.
1356 1376 1359 1383 ’

304 1489 439 1557 Etenim
456 1488 595 1578 quamdo
614 1490 758 1555 Amatae
776 1489 847 1555 filia
862 1494 940 1578 post
960 1488 1164 1556 exstinctum
1179 1489 1336 1556 Turnum
1353 1495 1386 1555 et

259 1596 411 1663 devictos
435 1595 592 1678 Latium,
614 1598 752 1679 marito,
772 1619 839 1662 non
863 1618 943 1664 sane
968 1596 1095 1676 invisa,
1119 1618 1238 1663 verum
1261 1596 1384 1663 saltem

257 1704 419 1793 imposito
453 1726 565 1793 neque
600 1704 695 1793 prius
731 1703 855 1770 dilecto
895 1731 911 1763 «
944 1702 1106 1769 habenda
1137 1730 1153 1762 κ
1186 1703 1308 1769 cedet²
1345 1725 1379 1786 »3

259 1809 466 1900 quandoque
486 1812 591 1893 tristi,
613 1817 652 1876 ut
679 1813 816 1900 opinor,
838 1811 959 1876 habitu
987 1810 1173 1899 oculosque
1203 1837 1218 1872 n
1247 1810 1381 1897 dejecta

259 1917 402 1984 decoros
426 1946 440 1980 n
463 1919 695 1986 necessarium
720 1917 763 1984 ad
782 1918 1030 2005 hymenaeum,
1049 1917 1180 2006 absque
1199 1917 1252 1982 ira
1269 1917 1384 2007 (irasci

259 2048 328 2091 non
357 2026 508 2111 audeat),
541 2025 601 2091 scd
631 2026 703 2103 sine
733 2024 846 2090 studio
875 2031 934 2090 aut
962 2023 1090 2111 gaudio
1114 2025 1196 2108 ibit,
1227 2062 1272 2073 -—
1300 2030 1383 2091 tunc

258 2133 374 2215 etiam,
396 2138 477 2199 tunc
498 2133 644 2198 maxime
661 2133 727 2198 sibi
745 2133 812 2221 ipsi
825 2131 1026 2218 Vergiliana
1038 2130 1182 2198 Lavinia
1196 2131 1382 2214 constabit,

259 2240 480 2330 servabitque
500 2245 617 2330 partes
638 2262 695 2305 eas
715 2261 801 2328 quas
819 2260 956 2327 semper
975 2239 1070 2304 illam
1091 2239 1260 2307 sustinere
1279 2239 1382 2304 nobis

257 2348 407 2414 ostendit
426 2352 541 2438 poeta,
563 2353 678 2437 partes
700 2346 776 2412 dico
792 2374 808 2407 «
822 2345 978 2412 victimae
1000 2373 1015 2407 u
1037 2346 1229 2433 cujusdam.
1252 2346 1381 2412 -Ab-

257 2455 300 2521 sit
327 2455 431 2542 hujus
461 2454 557 2521 verbi
581 2454 741 2520 insolenti
766 2452 860 2543 apud
887 2451 1028 2521 Latinos
1061 2453 1177 2520 sensui
1200 2452 1377 2522 invidia³:

256 2585 325 2652 quo
345 2562 485 2652 quidem
511 2583 574 2648 ego
594 2562 718 2628 melius
748 2561 939 2651 exprimere
965 2582 1137 2650 nequeam
1156 2564 1190 2627 et
1218 2560 1326 2626 animi
1345 2566 1378 2627 et

256 2671 410 2759 corporis
435 2671 551 2755 regiae
573 2670 714 2756 virginis
736 2669 884 2750 vultum,
907 2668 1044 2756 qualem
1063 2666 1216 2754 Vergilio
1236 2673 1377 2734 auctore

256 2779 412 2866 concipio
425 2778 446 2843 ⁸.

287 2999 310 3048 1.
330 2998 365 3046 et.
383 2999 447 3047 Aen.
463 2997 493 3051 ΙΙ,
507 2996 627 3047 Ἶ83-Ἱ84;
643 2996 823 3058 illic.....regia
834 2997 923 3057 conjux
939 2998 1021 3046 Parta
1035 2997 1088 3045 tibi.

285 3071 310 3122 2.
326 3069 362 3118 Cl.
385 3070 448 3118 Aen.
467 3068 506 3128 lll,
529 3068 591 3127 329;
607 3067 664 3129 ΧΗ,
685 3068 727 3116 17ῑ
750 3068 825 3116 cedat
840 3068 940 3117 Lavinia
955 3070 1053 3131 conjux.
1074 3068 1109 3116 cl.
1126 3066 1373 3131 111,29”1,329,332.

285 3142 310 3193 3.
328 3142 364 3192 Cr.
380 3145 459 3188 tamen
474 3141 606 3188 viciniores
617 3139 809 3202 significationes
824 3139 888 3200 apud
899 3139 1000 3189 Faunus.

285 3213 309 3264 4.
328 3213 363 3262 ct.
382 3213 403 3261 t.
424 3212 516 3270 llnunr,
528 3210 667 3268 Aeraeidea,
691 3215 708 3257 t.
726 3210 755 3270 ll,
777 3224 800 3271 p.
826 3209 884 3257 (5342
908 3230 919 3254 u
935 3210 990 3259 Our
1004 3211 1104 3259 author
1120 3211 1169 3260 has
1185 3211 1247 3260 been
1264 3211 1376 3260 discreet

256 3283 357 3347 enouph
374 3287 399 3330 to
415 3286 545 3346 represent
561 3281 643 3330 lter-as
657 3296 673 3329 a
687 3295 755 3329 ruere
775 3280 879 3344 cyplier,
896 3283 992 3345 apiece
1008 3285 1040 3345 os
1050 3285 1187 3348 fornicare
1197 3283 1317 3332 destined
1333 3283 1376 3344 sor

257 3357 299 3407 the
313 3370 388 3418 camp
404 3356 436 3417 os
451 3353 535 3403 which
550 3367 609 3402 eaer
623 3354 655 3417 of
669 3352 712 3400 the
732 3352 801 3400 riuat
823 3352 907 3415 chich
927 3354 1033 3416 fortune
1047 3353 1176 3415 favoured
1199 3355 1227 3402 in
1243 3353 1285 3402 the
1297 3353 1374 3418 fiyht,

255 3427 310 3478 and
322 3425 419 3490 hardly
433 3425 562 3489 reparded
578 3424 610 3488 by
625 3423 708 3473 either
723 3438 784 3472 euen
803 3423 866 3472 ‘with
881 3439 908 3472 sc
924 3423 1000 3472 much
1020 3426 1126 3474 interest
1140 3440 1170 3474 as
1183 3424 1268 3490 nriqht
1283 3424 1313 3474 be
1334 3440 1377 3474 ee·

252 3499 342 3564 pected
361 3501 387 3546 ta
402 3496 493 3546 attach
509 3500 534 3545 to
554 3497 598 3545 the
608 3495 723 3544 medium
738 3496 770 3559 of
780 3510 940 3557 corrueyauee
955 3497 986 3560 af
1002 3496 1046 3544 the
1064 3511 1149 3546 croam
1169 3498 1202 3561 of
1214 3497 1327 3545 Latium.
1344 3497 1376 3546 To

255 3571 320 3620 haue
336 3570 440 3619 treated
463 3569 574 3617 Lacinia
588 3567 733 3624 otherwise,
753 3569 778 3613 to
802 3566 867 3615 haue
881 3567 1044 3630 represented
1059 3566 1103 3617 her
1123 3583 1153 3617 as
1175 3567 1271 3633 havinp
1288 3583 1305 3616 a
1321 3567 1376 3617 utu

255 3643 287 3704 os
300 3641 346 3690 her
360 3640 483 3690 auriand
499 3638 590 3703 taletnq
606 3653 665 3688 caen
680 3653 697 3686 a
710 3637 790 3686 ornati
795 3641 862 3701 part
873 3640 900 3686 in
913 3638 956 3686 the
967 3637 1053 3687 choiee
1070 3640 1102 3702 of
1118 3639 1161 3688 the
1175 3654 1236 3688 man
1253 3639 1309 3688 who
1323 3654 1376 3689 was

255 3717 281 3763 to
302 3712 331 3762 be
345 3711 391 3762 her
412 3710 507 3775 lawful
531 3709 655 3759 husband
676 3709 730 3757 aud
752 3709 795 3757 the
820 3709 912 3772 father
935 3712 968 3773 of
987 3708 1027 3758 his
1050 3709 1178 3770 children,
1195 3709 1284 3760 would
1309 3711 1375 3759 hriae

254 3784 355 3850 dryited
375 3799 425 3833 our
436 3781 555 3832 author's
569 3783 763 3846 acquaintance
781 3781 844 3829 with
868 3781 943 3829 other
959 3785 1032 3845 types
1048 3781 1111 3830 than
1134 3781 1206 3831 those
1228 3782 1374 3845 frcruc'shed

254 3856 307 3904 him
322 3857 355 3920 ty
373 3856 465 3904 Homer
482 3854 537 3903 aud
553 3853 596 3903 the
609 3852 686 3919 preeh
701 3852 877 3915 trapocdt'aus,
893 3856 939 3900 etc.
953 3872 964 3896 »
981 3854 1060 3901 Probe
1076 3854 1175 3912 dictum,
1192 3859 1290 3916 praeter
1309 3855 1374 3917 quod

253 3929 385 3990 Vergilium
400 3932 448 3975 tam
471 3926 585 3988 religiose
600 3927 651 3973 sive
668 3925 784 3980 llnmero,
802 3925 853 3972 sive
873 3925 967 3986 graecis
988 3924 1088 3985 tragicis
1105 3925 1225 3985 linesisse,
1241 3939 1289 3972 non
1307 3927 1375 3974 exis-

252 4001 326 4060 timo;
340 4000 417 4062 deque
432 3998 551 4046 Nausicaa
566 4010 641 4059 supra
664 3995 710 4043 hoc
733 3995 906 4045 demonstravi.
924 3995 993 4052 Quod
1016 4001 1095 4043 autem
1114 3997 1199 4044 attinet
1213 3994 1244 4042 ad
1264 3997 1374 4059 tragicos

254 4075 346 4133 poetas,
363 4069 500 4132 Deianiram
514 4068 588 4115 solam
603 4067 673 4114 video
685 4066 754 4126 cujus
769 4066 893 4112 recordari
907 4066 963 4113 utile
976 4064 1084 4128 Vergilio
1098 4079 1152 4113 esse
1168 4065 1282 4128 potuerit.
1295 4065 1345 4113 Sed
1360 4079 1374 4113 e

254 4141 412 4204 Sophocleis,
436 4154 497 4203 quos
519 4153 593 4200 supra
619 4137 718 4197 rettuli,
744 4137 856 4185 versibus
876 4138 1024 4198 comperitur
1050 4136 1194 4198 quantulum
1224 4136 1280 4185 inde
1304 4150 1374 4184 acce·

253 4215 330 4277 perit,
346 4214 366 4261 si
381 4212 441 4276 quid
454 4212 583 4273 acceperit.
