2940 5076
691 368 768 416 PARS
792 368 897 416 PRIOR.

774 649 822 717 XI

391 863 433 906 DE
453 861 608 907 FURENTIS
627 862 755 905 DIDONIS
775 861 1068 906 IMPRECATIONIBUS
1088 861 1127 904 ΕΤ
1146 860 1200 903 IRA

280 1080 403 1148 Nescio
422 1104 504 1148 vero
524 1104 565 1148 an
586 1081 635 1147 illi
655 1080 797 1147 Didonis
818 1080 964 1146 dolentis
986 1084 1019 1146 et
1039 1079 1083 1146 ad
1103 1077 1358 1144 submittendos

235 1189 368 1257 animos
394 1190 499 1255 nimio
526 1188 644 1254 dolore
665 1192 802 1254 coactae
822 1194 893 1253 tarn
913 1191 1092 1253 accuratae
1113 1185 1356 1275 descriptioni,

236 1296 364 1386 optime
384 1301 549 1362 consonet
568 1318 620 1378 ea,
643 1317 731 1384 quae
760 1295 916 1384 sequitur
945 1317 1008 1361 nec
1037 1294 1150 1358 minus
1178 1291 1360 1358 luculenta

198 1458 203 1467 .
237 1409 299 1485 est,
322 1404 462 1490 reginae
481 1403 638 1469 lucorum
658 1402 850 1491 explicatio.

279 1508 428 1578 Maestus
458 1512 548 1576 enim
574 1511 631 1576 ille
659 1508 759 1603 dolor
792 1513 825 1574 ct
850 1509 911 1574 illa
942 1510 1076 1575 attritae
1103 1508 1228 1574 mentis
1257 1506 1358 1596 quasi

234 1618 420 1707 prostratio
439 1623 509 1683 tam
528 1617 617 1682 bene
636 1621 711 1681 tum
727 1615 802 1702 ejus
817 1616 926 1705 ipsius
942 1615 1066 1681 indolis
1083 1613 1355 1696 accommodata,

236 1747 314 1791 eum
343 1725 512 1793 humanae
537 1723 630 1790 omni
650 1729 791 1789 naturae
812 1728 1043 1790 consentanea
1061 1722 1160 1789 nobis
1180 1721 1355 1801 videntur,

234 1837 273 1899 ut
296 1833 351 1898 vix
377 1832 517 1898 credere
545 1831 714 1920 possimus
741 1830 887 1896 eandem
915 1831 1011 1896 illam
1036 1830 1217 1896 mulierem
1250 1828 1357 1918 paulo

234 1943 313 2028 post
336 1939 544 2005 debacchari
567 1959 676 2025 usque
705 1936 791 2002 adeo
811 1959 924 2027 posse.
948 1935 1112 2016 Quamvis
1132 1936 1188 2002 vel
1207 1936 1356 2001 maxime

233 2045 323 2112 inter
346 2067 381 2114 se
406 2045 640 2135 discrepantes
670 2043 824 2110 adfectus
846 2045 1027 2133 propiores
1054 2045 1113 2110 alii
1138 2044 1213 2110 aliis
1232 2064 1357 2108 revera

234 2173 416 2243 erumpere
436 2152 580 2234 soleant,
602 2151 759 2240 quamvis
780 2150 883 2217 effera
902 2152 946 2217 sit
962 2150 1051 2217 Dido

534 2351 665 2400 mentem
680 2351 800 2425 <que>
814 2347 931 2399 insania
948 2352 1056 2412 mutet3

234 2518 390 2607 quamvis
418 2519 521 2585 etiam
539 2517 725 2606 Vergiliae,
754 2542 795 2585 ea
820 2524 959 2610 quaest
982 2519 1145 2602 sollertia,
1173 2540 1236 2609 per
1261 2518 1355 2585 lenta

234 2625 373 2692 demum
397 2627 608 2694 incrementa
631 2628 750 2695 lecerit
773 2628 869 2695 illam
893 2628 938 2694 ad
966 2634 1117 2700 extrema
1137 2626 1263 2697 furoris
1290 2627 1353 2693 ad-

263 2848 357 2913 Emur„
371 2849 450 2911 Med,
464 2850 511 2900 502
526 2865 578 2914 sqq.
595 2864 601 2899 :
616 2850 670 2901 Νῦν
685 2860 727 2901 ποῖ
742 2852 889 2916 τράπωμαι;
905 2851 1005 2914 Πότερα
1018 2851 1079 2913 πρὸς
1096 2849 1187 2914 πατρὸς
1203 2852 1304 2915 δόμους,

619 2925 659 2980 οὓς
675 2924 716 2972 col
733 2928 863 2986 προδοῦσα
877 2924 921 2972 καὶ
932 2921 1028 2986 πάτραν
1044 2917 1180 2987 &preditum

620 2991 655 3042 Ἣ
668 2993 728 3057 πρὸς
744 2993 860 3050 ταλαίνας
874 2991 1008 3058 Πελιάδας,
1022 3012 1045 3043 α.
1057 3013 1079 3045 τ.
1093 2997 1116 3043 i.

263 3065 310 3127 lm,
332 3063 433 3129 Suppl„
453 3063 514 3114 1094
528 3078 581 3128 sqq.
600 3077 605 3112 τ
623 3064 706 3115 .....Τί
721 3065 750 3127 δή
766 3064 815 3131 χρὴ
830 3065 872 3114 τὸν
887 3065 1045 3128 ταλάιπωρόν
1061 3083 1090 3128 με
1104 3069 1180 3129 δρᾶν;

619 3135 731 3201 Στείχειν
743 3138 803 3200 πρὸς
815 3137 897 3194 οἴκους
905 3149 943 3198 ;...

619 3206 656 3256 ’Ἢ
672 3208 733 3270 πρὸς
749 3209 856 3271 μέλαθρα
869 3211 942 3258 τοῦδε
956 3207 1096 3266 Καπανέως
1113 3210 1192 3272 μόλω,
1203 3227 1227 3258 α.
1243 3227 1265 3260 τ.
1280 3212 1303 3260 l.

264 3279 361 3343 Erimus,
376 3279 453 3338 Med,
470 3278 501 3326 ir.
516 3293 532 3326 x
544 3276 674 3342 (Ribbeck)
691 3292 697 3325 :

419 3402 468 3454 Quo
479 3415 538 3446 nunc
552 3405 698 3445 mavortem?
711 3402 770 3458 quod
782 3402 824 3446 iter
838 3403 941 3458 incipiam
956 3403 1060 3459 ingredi?

418 3469 511 3509 Domum
524 3471 676 3522 paternemne,
690 3479 746 3509 anne
759 3466 786 3509 ad
801 3466 875 3510 Peliae
887 3466 959 3510 filias?

263 3583 363 3647 Arena,
379 3582 419 3644 IV,
434 3582 480 3632 378
495 3598 533 3647 sq.
551 3598 557 3631 ε
576 3560 679 3642 ...icoc
691 3583 771 3648 ἵξομαι
786 3582 885 3648 ὄμματα
900 3585 1007 3649 πατρὸςς
1023 3604 1047 3635 α.
1063 3603 1084 3635 τ.
1097 3589 1119 3636 λ.

232 3709 336 3772 denique
352 3708 462 3769 Carum,
481 3723 546 3768 univ,
568 3708 670 3758 itt-183
686 3723 691 3756 :
708 3710 766 3758 Nam
787 3723 834 3772 quc
854 3724 892 3758 rue
909 3709 1032 3759 referam?
1047 3710 1252 3760 ...Dictaeos-ne
1272 3715 1352 3774 petam

232 3783 373 3831 montes‘l...
390 3781 426 3828 An
443 3781 519 3842 patris
534 3780 651 3828 auxilium
667 3794 771 3842 sperem,
789 3785 835 3828 etc.

262 3852 295 3900 At
306 3866 365 3902 vero
375 3855 478 3915 egomet,
488 3879 516 3885 -
528 3853 639 3914 quamvis
650 3852 673 3899 in
685 3853 732 3900 isla
743 3853 856 3899 similium
867 3853 973 3900 locorum
985 3854 1113 3902 collatione
1124 3855 1276 3903 delectentur
1286 3855 1353 3903 docti
1375 3862 1376 3866 ’

231 3923 277 3972 viri
293 3924 336 3986 (ci.
352 3924 443 3982 Tissor,
459 3923 585 3984 Erorruorr,
603 3923 686 3983 l'nus,
703 3923 846 3983 Conrneron,
859 3924 951 3986 ilsnnr)
963 3951 1001 3985 —,
1016 3926 1162 3974 imitationes
1177 3927 1231 3974 illas
1246 3941 1294 3975 nou
1309 3942 1352 3988 ap·

232 3995 305 4057 pello.
322 3994 417 4057 Quippe
438 3995 476 4042 cui
498 4009 546 4042 non
564 3995 588 4041 in
603 3999 705 4042 mentem
724 3996 819 4054 veniat,
838 4009 957 4057 personae
979 3998 1108 4059 cujuslibet
1127 3995 1233 4062 ἀπορίαν
1253 4000 1352 4048 descri-

231 4065 309 4128 benti,
325 4067 385 4114 haec
409 4065 474 4113 illurn
498 4065 615 4113 inducere
639 4066 760 4114 dicentem
776 4085 787 4110 «
809 4065 862 4124 Quo
883 4080 920 4114 me
939 4071 1080 4120 vertaml...
1099 4088 1110 4113 ν
1127 4070 1175 4118 Cur
1198 4085 1246 4118 non
1267 4075 1290 4118 et
1312 4071 1352 4119 hic

233 4137 327 4197 citatur,
340 4141 453 4200 tauquam
469 4137 489 4184 si
503 4135 625 4198 Vergilius
636 4137 793 4198 meminisset,
806 4137 856 4185 Caii
868 4137 970 4187 Gracchi
981 4141 1044 4203 apud
1056 4139 1195 4190 Ciceronem
1207 4143 1252 4205 (De
1264 4142 1351 4201 Orat,

233 4207 273 4267 lll,
295 4208 335 4272 56)
354 4209 515 4257 exclamatio?
534 4208 732 4271 interrogationis
752 4209 825 4269 hujus
844 4223 875 4256 ne
895 4210 995 4259 formam
1010 4213 1108 4275 quidem
1127 4215 1250 4262 recordari
1267 4214 1351 4277 Vergi-

232 4278 291 4327 lium
309 4293 410 4329 necesse
434 4280 487 4339 luit,
505 4282 529 4327 ui
545 4278 664 4328 Didonem
686 4293 712 4327 se
735 4281 813 4342 ipsam
835 4280 859 4328 id
879 4280 1030 4346 interrogare
1052 4285 1154 4346 laceret;
1177 4287 1351 4335 sententiarum

233 4351 317 4399 saltem
329 4356 353 4400 et
366 4365 456 4409 rerum,
468 4364 529 4413 quae
544 4350 569 4398 in
583 4350 628 4414 hac
644 4351 835 4413 interrogatione
850 4353 915 4414 apud
930 4355 1025 4415 priores
1040 4360 1124 4417 poetas
1138 4359 1230 4417 insunt,
1241 4371 1352 4421 quaeque

231 4422 378 4487 praecipuae
393 4426 457 4482 sunt,
470 4422 531 4470 nihil
546 4421 587 4471 ille
601 4422 705 4471 omnino
716 4421 857 4484 excerpsit..
